%YAML 1.1
%TAG !u! tag:unity3d.com,2011:
--- !u!29 &1
OcclusionCullingSettings:
  m_ObjectHideFlags: 0
  serializedVersion: 2
  m_OcclusionBakeSettings:
    smallestOccluder: 5
    smallestHole: 0.25
    backfaceThreshold: 100
  m_SceneGUID: 00000000000000000000000000000000
  m_OcclusionCullingData: {fileID: 0}
--- !u!104 &2
RenderSettings:
  m_ObjectHideFlags: 0
  serializedVersion: 8
  m_Fog: 0
  m_FogColor: {r: 0.5, g: 0.5, b: 0.5, a: 1}
  m_FogMode: 3
  m_FogDensity: 0.01
  m_LinearFogStart: 0
  m_LinearFogEnd: 300
  m_AmbientSkyColor: {r: 0.212, g: 0.227, b: 0.259, a: 1}
  m_AmbientEquatorColor: {r: 0.114, g: 0.125, b: 0.133, a: 1}
  m_AmbientGroundColor: {r: 0.047, g: 0.043, b: 0.035, a: 1}
  m_AmbientIntensity: 1
  m_AmbientMode: 3
  m_SubtractiveShadowColor: {r: 0.42, g: 0.478, b: 0.627, a: 1}
  m_SkyboxMaterial: {fileID: 0}
  m_HaloStrength: 0.5
  m_FlareStrength: 1
  m_FlareFadeSpeed: 3
  m_HaloTexture: {fileID: 0}
  m_SpotCookie: {fileID: 10001, guid: 0000000000000000e000000000000000, type: 0}
  m_DefaultReflectionMode: 0
  m_DefaultReflectionResolution: 128
  m_ReflectionBounces: 1
  m_ReflectionIntensity: 1
  m_CustomReflection: {fileID: 0}
  m_Sun: {fileID: 0}
  m_IndirectSpecularColor: {r: 0, g: 0, b: 0, a: 1}
--- !u!157 &3
LightmapSettings:
  m_ObjectHideFlags: 0
  serializedVersion: 9
  m_GIWorkflowMode: 1
  m_GISettings:
    serializedVersion: 2
    m_BounceScale: 1
    m_IndirectOutputScale: 1
    m_AlbedoBoost: 1
    m_TemporalCoherenceThreshold: 1
    m_EnvironmentLightingMode: 0
    m_EnableBakedLightmaps: 0
    m_EnableRealtimeLightmaps: 0
  m_LightmapEditorSettings:
    serializedVersion: 8
    m_Resolution: 2
    m_BakeResolution: 40
    m_TextureWidth: 1024
    m_TextureHeight: 1024
    m_AO: 0
    m_AOMaxDistance: 1
    m_CompAOExponent: 1
    m_CompAOExponentDirect: 0
    m_Padding: 2
    m_LightmapParameters: {fileID: 0}
    m_LightmapsBakeMode: 1
    m_TextureCompression: 1
    m_FinalGather: 0
    m_FinalGatherFiltering: 1
    m_FinalGatherRayCount: 256
    m_ReflectionCompression: 2
    m_MixedBakeMode: 3
    m_BakeBackend: 0
    m_PVRSampling: 1
    m_PVRDirectSampleCount: 32
    m_PVRSampleCount: 500
    m_PVRBounces: 2
    m_PVRFiltering: 0
    m_PVRFilteringMode: 1
    m_PVRCulling: 1
    m_PVRFilteringGaussRadiusDirect: 1
    m_PVRFilteringGaussRadiusIndirect: 5
    m_PVRFilteringGaussRadiusAO: 2
    m_PVRFilteringAtrousColorSigma: 1
    m_PVRFilteringAtrousNormalSigma: 1
    m_PVRFilteringAtrousPositionSigma: 1
  m_LightingDataAsset: {fileID: 0}
  m_ShadowMaskMode: 2
--- !u!196 &4
NavMeshSettings:
  serializedVersion: 2
  m_ObjectHideFlags: 0
  m_BuildSettings:
    serializedVersion: 2
    agentTypeID: 0
    agentRadius: 0.5
    agentHeight: 2
    agentSlope: 45
    agentClimb: 0.4
    ledgeDropHeight: 0
    maxJumpAcrossDistance: 0
    minRegionArea: 2
    manualCellSize: 0
    cellSize: 0.16666667
    manualTileSize: 0
    tileSize: 256
    accuratePlacement: 0
  m_NavMeshData: {fileID: 0}
--- !u!1001 &20675177
Prefab:
  m_ObjectHideFlags: 0
  serializedVersion: 2
  m_Modification:
    m_TransformParent: {fileID: 615896082}
    m_Modifications:
    - target: {fileID: 224278531112707332, guid: 58c83d122ac334e429ceefc91e45ea14,
        type: 2}
      propertyPath: m_LocalPosition.x
      value: 0
      objectReference: {fileID: 0}
    - target: {fileID: 224278531112707332, guid: 58c83d122ac334e429ceefc91e45ea14,
        type: 2}
      propertyPath: m_LocalPosition.y
      value: 0
      objectReference: {fileID: 0}
    - target: {fileID: 224278531112707332, guid: 58c83d122ac334e429ceefc91e45ea14,
        type: 2}
      propertyPath: m_LocalPosition.z
      value: 0
      objectReference: {fileID: 0}
    - target: {fileID: 224278531112707332, guid: 58c83d122ac334e429ceefc91e45ea14,
        type: 2}
      propertyPath: m_LocalRotation.x
      value: 0
      objectReference: {fileID: 0}
    - target: {fileID: 224278531112707332, guid: 58c83d122ac334e429ceefc91e45ea14,
        type: 2}
      propertyPath: m_LocalRotation.y
      value: 0
      objectReference: {fileID: 0}
    - target: {fileID: 224278531112707332, guid: 58c83d122ac334e429ceefc91e45ea14,
        type: 2}
      propertyPath: m_LocalRotation.z
      value: 0
      objectReference: {fileID: 0}
    - target: {fileID: 224278531112707332, guid: 58c83d122ac334e429ceefc91e45ea14,
        type: 2}
      propertyPath: m_LocalRotation.w
      value: 1
      objectReference: {fileID: 0}
    - target: {fileID: 224278531112707332, guid: 58c83d122ac334e429ceefc91e45ea14,
        type: 2}
      propertyPath: m_RootOrder
      value: 0
      objectReference: {fileID: 0}
    - target: {fileID: 224278531112707332, guid: 58c83d122ac334e429ceefc91e45ea14,
        type: 2}
      propertyPath: m_AnchoredPosition.x
      value: 0
      objectReference: {fileID: 0}
    - target: {fileID: 224278531112707332, guid: 58c83d122ac334e429ceefc91e45ea14,
        type: 2}
      propertyPath: m_AnchoredPosition.y
      value: 0
      objectReference: {fileID: 0}
    - target: {fileID: 224278531112707332, guid: 58c83d122ac334e429ceefc91e45ea14,
        type: 2}
      propertyPath: m_SizeDelta.x
      value: 100
      objectReference: {fileID: 0}
    - target: {fileID: 224278531112707332, guid: 58c83d122ac334e429ceefc91e45ea14,
        type: 2}
      propertyPath: m_SizeDelta.y
      value: 100
      objectReference: {fileID: 0}
    - target: {fileID: 224278531112707332, guid: 58c83d122ac334e429ceefc91e45ea14,
        type: 2}
      propertyPath: m_AnchorMin.x
      value: 0.5
      objectReference: {fileID: 0}
    - target: {fileID: 224278531112707332, guid: 58c83d122ac334e429ceefc91e45ea14,
        type: 2}
      propertyPath: m_AnchorMin.y
      value: 0.5
      objectReference: {fileID: 0}
    - target: {fileID: 224278531112707332, guid: 58c83d122ac334e429ceefc91e45ea14,
        type: 2}
      propertyPath: m_AnchorMax.x
      value: 0.5
      objectReference: {fileID: 0}
    - target: {fileID: 224278531112707332, guid: 58c83d122ac334e429ceefc91e45ea14,
        type: 2}
      propertyPath: m_AnchorMax.y
      value: 0.5
      objectReference: {fileID: 0}
    - target: {fileID: 224278531112707332, guid: 58c83d122ac334e429ceefc91e45ea14,
        type: 2}
      propertyPath: m_Pivot.x
      value: 0.5
      objectReference: {fileID: 0}
    - target: {fileID: 224278531112707332, guid: 58c83d122ac334e429ceefc91e45ea14,
        type: 2}
      propertyPath: m_Pivot.y
      value: 0.5
      objectReference: {fileID: 0}
    m_RemovedComponents: []
  m_ParentPrefab: {fileID: 100100000, guid: 58c83d122ac334e429ceefc91e45ea14, type: 2}
  m_IsPrefabParent: 0
--- !u!224 &20675178 stripped
RectTransform:
  m_PrefabParentObject: {fileID: 224278531112707332, guid: 58c83d122ac334e429ceefc91e45ea14,
    type: 2}
  m_PrefabInternal: {fileID: 20675177}
--- !u!1001 &122036777
Prefab:
  m_ObjectHideFlags: 0
  serializedVersion: 2
  m_Modification:
    m_TransformParent: {fileID: 2142032761}
    m_Modifications:
    - target: {fileID: 114172924818798280, guid: 9805147ba3eed49da96d2d5ff75d08c9,
        type: 2}
      propertyPath: Bricks.Array.size
      value: 0
      objectReference: {fileID: 0}
    - target: {fileID: 114172924818798280, guid: 9805147ba3eed49da96d2d5ff75d08c9,
        type: 2}
      propertyPath: BricksLvl1.Array.size
      value: 0
      objectReference: {fileID: 0}
    - target: {fileID: 114172924818798280, guid: 9805147ba3eed49da96d2d5ff75d08c9,
        type: 2}
      propertyPath: BricksLvl2.Array.size
      value: 5
      objectReference: {fileID: 0}
    - target: {fileID: 4588996304441254, guid: 9805147ba3eed49da96d2d5ff75d08c9, type: 2}
      propertyPath: m_LocalPosition.x
      value: 0
      objectReference: {fileID: 0}
    - target: {fileID: 4588996304441254, guid: 9805147ba3eed49da96d2d5ff75d08c9, type: 2}
      propertyPath: m_LocalPosition.y
      value: 0
      objectReference: {fileID: 0}
    - target: {fileID: 4588996304441254, guid: 9805147ba3eed49da96d2d5ff75d08c9, type: 2}
      propertyPath: m_LocalPosition.z
      value: 0
      objectReference: {fileID: 0}
    - target: {fileID: 4588996304441254, guid: 9805147ba3eed49da96d2d5ff75d08c9, type: 2}
      propertyPath: m_LocalRotation.x
      value: 0
      objectReference: {fileID: 0}
    - target: {fileID: 4588996304441254, guid: 9805147ba3eed49da96d2d5ff75d08c9, type: 2}
      propertyPath: m_LocalRotation.y
      value: 0
      objectReference: {fileID: 0}
    - target: {fileID: 4588996304441254, guid: 9805147ba3eed49da96d2d5ff75d08c9, type: 2}
      propertyPath: m_LocalRotation.z
      value: 0
      objectReference: {fileID: 0}
    - target: {fileID: 4588996304441254, guid: 9805147ba3eed49da96d2d5ff75d08c9, type: 2}
      propertyPath: m_LocalRotation.w
      value: 1
      objectReference: {fileID: 0}
    - target: {fileID: 4588996304441254, guid: 9805147ba3eed49da96d2d5ff75d08c9, type: 2}
      propertyPath: m_RootOrder
      value: 0
      objectReference: {fileID: 0}
    - target: {fileID: 114172924818798280, guid: 9805147ba3eed49da96d2d5ff75d08c9,
        type: 2}
      propertyPath: BricksLvl2.Array.data[0].Position.y
      value: 2
      objectReference: {fileID: 0}
    - target: {fileID: 114172924818798280, guid: 9805147ba3eed49da96d2d5ff75d08c9,
        type: 2}
      propertyPath: BricksLvl2.Array.data[1].Position.y
      value: 2
      objectReference: {fileID: 0}
    - target: {fileID: 114172924818798280, guid: 9805147ba3eed49da96d2d5ff75d08c9,
        type: 2}
      propertyPath: BricksLvl2.Array.data[2].Position.y
      value: 3
      objectReference: {fileID: 0}
    - target: {fileID: 114172924818798280, guid: 9805147ba3eed49da96d2d5ff75d08c9,
        type: 2}
      propertyPath: BricksLvl2.Array.data[3].Position.y
      value: 4
      objectReference: {fileID: 0}
    - target: {fileID: 114172924818798280, guid: 9805147ba3eed49da96d2d5ff75d08c9,
        type: 2}
      propertyPath: BricksLvl2.Array.data[4].Position.y
      value: 4
      objectReference: {fileID: 0}
    - target: {fileID: 114172924818798280, guid: 9805147ba3eed49da96d2d5ff75d08c9,
        type: 2}
      propertyPath: BricksLvl2.Array.data[6].Position.y
      value: 4
      objectReference: {fileID: 0}
    - target: {fileID: 114172924818798280, guid: 9805147ba3eed49da96d2d5ff75d08c9,
        type: 2}
      propertyPath: BricksLvl2.Array.data[7].Position.y
      value: 2
      objectReference: {fileID: 0}
    - target: {fileID: 114172924818798280, guid: 9805147ba3eed49da96d2d5ff75d08c9,
        type: 2}
      propertyPath: BricksLvl2.Array.data[8].Position.y
      value: 3
      objectReference: {fileID: 0}
    - target: {fileID: 114172924818798280, guid: 9805147ba3eed49da96d2d5ff75d08c9,
        type: 2}
      propertyPath: BricksLvl2.Array.data[9].Position.y
      value: 4
      objectReference: {fileID: 0}
    - target: {fileID: 114172924818798280, guid: 9805147ba3eed49da96d2d5ff75d08c9,
        type: 2}
      propertyPath: BricksLvl2.Array.data[8].Position.x
      value: 1
      objectReference: {fileID: 0}
    - target: {fileID: 114172924818798280, guid: 9805147ba3eed49da96d2d5ff75d08c9,
        type: 2}
      propertyPath: BricksLvl2.Array.data[9].Position.x
      value: 1
      objectReference: {fileID: 0}
    - target: {fileID: 114172924818798280, guid: 9805147ba3eed49da96d2d5ff75d08c9,
        type: 2}
      propertyPath: BricksLvl2.Array.data[7].Position.x
      value: 2
      objectReference: {fileID: 0}
    - target: {fileID: 114172924818798280, guid: 9805147ba3eed49da96d2d5ff75d08c9,
        type: 2}
      propertyPath: BricksLvl2.Array.data[6].Position.x
      value: 2
      objectReference: {fileID: 0}
    - target: {fileID: 114172924818798280, guid: 9805147ba3eed49da96d2d5ff75d08c9,
        type: 2}
      propertyPath: BricksLvl2.Array.data[4].Position.x
      value: 3
      objectReference: {fileID: 0}
    - target: {fileID: 114172924818798280, guid: 9805147ba3eed49da96d2d5ff75d08c9,
        type: 2}
      propertyPath: BricksLvl2.Array.data[3].Position.x
      value: 4
      objectReference: {fileID: 0}
    - target: {fileID: 114172924818798280, guid: 9805147ba3eed49da96d2d5ff75d08c9,
        type: 2}
      propertyPath: BricksLvl2.Array.data[2].Position.x
      value: 2
      objectReference: {fileID: 0}
    - target: {fileID: 114172924818798280, guid: 9805147ba3eed49da96d2d5ff75d08c9,
        type: 2}
      propertyPath: BricksLvl2.Array.data[1].Position.x
      value: 3
      objectReference: {fileID: 0}
    - target: {fileID: 114172924818798280, guid: 9805147ba3eed49da96d2d5ff75d08c9,
        type: 2}
      propertyPath: BricksLvl2.Array.data[0].Position.x
      value: 1
      objectReference: {fileID: 0}
    - target: {fileID: 114172924818798280, guid: 9805147ba3eed49da96d2d5ff75d08c9,
        type: 2}
      propertyPath: Bricks.Array.data[0].Position.y
      value: 2
      objectReference: {fileID: 0}
    - target: {fileID: 114172924818798280, guid: 9805147ba3eed49da96d2d5ff75d08c9,
        type: 2}
      propertyPath: Bricks.Array.data[0].Strength
      value: 0
      objectReference: {fileID: 0}
    - target: {fileID: 114172924818798280, guid: 9805147ba3eed49da96d2d5ff75d08c9,
        type: 2}
      propertyPath: Bricks.Array.data[1].Position.x
      value: 1
      objectReference: {fileID: 0}
    - target: {fileID: 114172924818798280, guid: 9805147ba3eed49da96d2d5ff75d08c9,
        type: 2}
      propertyPath: Bricks.Array.data[1].Position.y
      value: 2
      objectReference: {fileID: 0}
    - target: {fileID: 114172924818798280, guid: 9805147ba3eed49da96d2d5ff75d08c9,
        type: 2}
      propertyPath: Bricks.Array.data[1].Strength
      value: 0
      objectReference: {fileID: 0}
    - target: {fileID: 114172924818798280, guid: 9805147ba3eed49da96d2d5ff75d08c9,
        type: 2}
      propertyPath: Bricks.Array.data[2].Position.x
      value: 2
      objectReference: {fileID: 0}
    - target: {fileID: 114172924818798280, guid: 9805147ba3eed49da96d2d5ff75d08c9,
        type: 2}
      propertyPath: Bricks.Array.data[2].Position.y
      value: 2
      objectReference: {fileID: 0}
    - target: {fileID: 114172924818798280, guid: 9805147ba3eed49da96d2d5ff75d08c9,
        type: 2}
      propertyPath: Bricks.Array.data[2].Strength
      value: 0
      objectReference: {fileID: 0}
    - target: {fileID: 114172924818798280, guid: 9805147ba3eed49da96d2d5ff75d08c9,
        type: 2}
      propertyPath: Bricks.Array.data[3].ConfigIndex
      value: 1
      objectReference: {fileID: 0}
    - target: {fileID: 114172924818798280, guid: 9805147ba3eed49da96d2d5ff75d08c9,
        type: 2}
      propertyPath: Bricks.Array.data[3].Position.x
      value: -1
      objectReference: {fileID: 0}
    - target: {fileID: 114172924818798280, guid: 9805147ba3eed49da96d2d5ff75d08c9,
        type: 2}
      propertyPath: Bricks.Array.data[3].Position.y
      value: 2
      objectReference: {fileID: 0}
    - target: {fileID: 114172924818798280, guid: 9805147ba3eed49da96d2d5ff75d08c9,
        type: 2}
      propertyPath: Bricks.Array.data[3].Strength
      value: 0
      objectReference: {fileID: 0}
    - target: {fileID: 114172924818798280, guid: 9805147ba3eed49da96d2d5ff75d08c9,
        type: 2}
      propertyPath: Bricks.Array.data[4].ConfigIndex
      value: 2
      objectReference: {fileID: 0}
    - target: {fileID: 114172924818798280, guid: 9805147ba3eed49da96d2d5ff75d08c9,
        type: 2}
      propertyPath: Bricks.Array.data[4].Position.x
      value: -2
      objectReference: {fileID: 0}
    - target: {fileID: 114172924818798280, guid: 9805147ba3eed49da96d2d5ff75d08c9,
        type: 2}
      propertyPath: Bricks.Array.data[4].Position.y
      value: 2
      objectReference: {fileID: 0}
    - target: {fileID: 114172924818798280, guid: 9805147ba3eed49da96d2d5ff75d08c9,
        type: 2}
      propertyPath: Bricks.Array.data[4].Strength
      value: 0
      objectReference: {fileID: 0}
    - target: {fileID: 114172924818798280, guid: 9805147ba3eed49da96d2d5ff75d08c9,
        type: 2}
      propertyPath: Bricks.Array.data[5].ConfigIndex
      value: 2
      objectReference: {fileID: 0}
    - target: {fileID: 114172924818798280, guid: 9805147ba3eed49da96d2d5ff75d08c9,
        type: 2}
      propertyPath: Bricks.Array.data[5].Position.x
      value: 2
      objectReference: {fileID: 0}
    - target: {fileID: 114172924818798280, guid: 9805147ba3eed49da96d2d5ff75d08c9,
        type: 2}
      propertyPath: Bricks.Array.data[5].Position.y
      value: 2
      objectReference: {fileID: 0}
    - target: {fileID: 114172924818798280, guid: 9805147ba3eed49da96d2d5ff75d08c9,
        type: 2}
      propertyPath: Bricks.Array.data[5].Strength
      value: 2
      objectReference: {fileID: 0}
    - target: {fileID: 114172924818798280, guid: 9805147ba3eed49da96d2d5ff75d08c9,
        type: 2}
      propertyPath: Bricks.Array.data[6].ConfigIndex
      value: 2
      objectReference: {fileID: 0}
    - target: {fileID: 114172924818798280, guid: 9805147ba3eed49da96d2d5ff75d08c9,
        type: 2}
      propertyPath: Bricks.Array.data[6].Position.y
      value: 2
      objectReference: {fileID: 0}
    - target: {fileID: 114172924818798280, guid: 9805147ba3eed49da96d2d5ff75d08c9,
        type: 2}
      propertyPath: Bricks.Array.data[6].Strength
      value: 2
      objectReference: {fileID: 0}
    - target: {fileID: 114172924818798280, guid: 9805147ba3eed49da96d2d5ff75d08c9,
        type: 2}
      propertyPath: Bricks.Array.data[7].Position.x
      value: -1
      objectReference: {fileID: 0}
    - target: {fileID: 114172924818798280, guid: 9805147ba3eed49da96d2d5ff75d08c9,
        type: 2}
      propertyPath: Bricks.Array.data[7].Position.y
      value: 2
      objectReference: {fileID: 0}
    - target: {fileID: 114172924818798280, guid: 9805147ba3eed49da96d2d5ff75d08c9,
        type: 2}
      propertyPath: Bricks.Array.data[7].Strength
      value: 2
      objectReference: {fileID: 0}
    - target: {fileID: 114172924818798280, guid: 9805147ba3eed49da96d2d5ff75d08c9,
        type: 2}
      propertyPath: Bricks.Array.data[8].Position.x
      value: 1
      objectReference: {fileID: 0}
    - target: {fileID: 114172924818798280, guid: 9805147ba3eed49da96d2d5ff75d08c9,
        type: 2}
      propertyPath: Bricks.Array.data[8].Position.y
      value: 1
      objectReference: {fileID: 0}
    - target: {fileID: 114172924818798280, guid: 9805147ba3eed49da96d2d5ff75d08c9,
        type: 2}
      propertyPath: Bricks.Array.data[8].Strength
      value: 2
      objectReference: {fileID: 0}
    - target: {fileID: 114172924818798280, guid: 9805147ba3eed49da96d2d5ff75d08c9,
        type: 2}
      propertyPath: Bricks.Array.data[9].Position.x
      value: -1
      objectReference: {fileID: 0}
    - target: {fileID: 114172924818798280, guid: 9805147ba3eed49da96d2d5ff75d08c9,
        type: 2}
      propertyPath: Bricks.Array.data[9].Position.y
      value: 1
      objectReference: {fileID: 0}
    - target: {fileID: 114172924818798280, guid: 9805147ba3eed49da96d2d5ff75d08c9,
        type: 2}
      propertyPath: Bricks.Array.data[9].Strength
      value: 2
      objectReference: {fileID: 0}
    - target: {fileID: 114172924818798280, guid: 9805147ba3eed49da96d2d5ff75d08c9,
        type: 2}
      propertyPath: BricksLvl1.Array.data[0].Position.y
      value: 0
      objectReference: {fileID: 0}
    - target: {fileID: 114172924818798280, guid: 9805147ba3eed49da96d2d5ff75d08c9,
        type: 2}
      propertyPath: BricksLvl1.Array.data[0].ConfigIndex
      value: 0
      objectReference: {fileID: 0}
    - target: {fileID: 114172924818798280, guid: 9805147ba3eed49da96d2d5ff75d08c9,
        type: 2}
      propertyPath: BricksLvl1.Array.data[1].ConfigIndex
      value: 0
      objectReference: {fileID: 0}
    - target: {fileID: 114172924818798280, guid: 9805147ba3eed49da96d2d5ff75d08c9,
        type: 2}
      propertyPath: BricksLvl1.Array.data[1].Position.y
      value: 0
      objectReference: {fileID: 0}
    - target: {fileID: 114172924818798280, guid: 9805147ba3eed49da96d2d5ff75d08c9,
        type: 2}
      propertyPath: BricksLvl1.Array.data[2].ConfigIndex
      value: 0
      objectReference: {fileID: 0}
    - target: {fileID: 114172924818798280, guid: 9805147ba3eed49da96d2d5ff75d08c9,
        type: 2}
      propertyPath: BricksLvl1.Array.data[2].Position.x
      value: 0
      objectReference: {fileID: 0}
    - target: {fileID: 114172924818798280, guid: 9805147ba3eed49da96d2d5ff75d08c9,
        type: 2}
      propertyPath: BricksLvl1.Array.data[2].Position.y
      value: 0
      objectReference: {fileID: 0}
    - target: {fileID: 114172924818798280, guid: 9805147ba3eed49da96d2d5ff75d08c9,
        type: 2}
      propertyPath: BricksLvl1.Array.data[3].ConfigIndex
      value: 0
      objectReference: {fileID: 0}
    - target: {fileID: 114172924818798280, guid: 9805147ba3eed49da96d2d5ff75d08c9,
        type: 2}
      propertyPath: BricksLvl1.Array.data[3].Position.x
      value: 0
      objectReference: {fileID: 0}
    - target: {fileID: 114172924818798280, guid: 9805147ba3eed49da96d2d5ff75d08c9,
        type: 2}
      propertyPath: BricksLvl1.Array.data[3].Position.y
      value: 0
      objectReference: {fileID: 0}
    - target: {fileID: 114172924818798280, guid: 9805147ba3eed49da96d2d5ff75d08c9,
        type: 2}
      propertyPath: BricksLvl1.Array.data[4].ConfigIndex
      value: 0
      objectReference: {fileID: 0}
    - target: {fileID: 114172924818798280, guid: 9805147ba3eed49da96d2d5ff75d08c9,
        type: 2}
      propertyPath: BricksLvl1.Array.data[4].Position.x
      value: 0
      objectReference: {fileID: 0}
    - target: {fileID: 114172924818798280, guid: 9805147ba3eed49da96d2d5ff75d08c9,
        type: 2}
      propertyPath: BricksLvl1.Array.data[4].Position.y
      value: 0
      objectReference: {fileID: 0}
    - target: {fileID: 114172924818798280, guid: 9805147ba3eed49da96d2d5ff75d08c9,
        type: 2}
      propertyPath: BricksLvl1.Array.data[5].Position.x
      value: 3
      objectReference: {fileID: 0}
    - target: {fileID: 114172924818798280, guid: 9805147ba3eed49da96d2d5ff75d08c9,
        type: 2}
      propertyPath: BricksLvl1.Array.data[5].Position.y
      value: 4
      objectReference: {fileID: 0}
    - target: {fileID: 114172924818798280, guid: 9805147ba3eed49da96d2d5ff75d08c9,
        type: 2}
      propertyPath: BricksLvl1.Array.data[6].Position.x
      value: -1
      objectReference: {fileID: 0}
    - target: {fileID: 114172924818798280, guid: 9805147ba3eed49da96d2d5ff75d08c9,
        type: 2}
      propertyPath: BricksLvl1.Array.data[6].Position.y
      value: 3
      objectReference: {fileID: 0}
    - target: {fileID: 114172924818798280, guid: 9805147ba3eed49da96d2d5ff75d08c9,
        type: 2}
      propertyPath: BricksLvl1.Array.data[7].Position.x
      value: -2
      objectReference: {fileID: 0}
    - target: {fileID: 114172924818798280, guid: 9805147ba3eed49da96d2d5ff75d08c9,
        type: 2}
      propertyPath: BricksLvl1.Array.data[7].Position.y
      value: 3
      objectReference: {fileID: 0}
    - target: {fileID: 114172924818798280, guid: 9805147ba3eed49da96d2d5ff75d08c9,
        type: 2}
      propertyPath: BricksLvl1.Array.data[8].Position.x
      value: 1
      objectReference: {fileID: 0}
    - target: {fileID: 114172924818798280, guid: 9805147ba3eed49da96d2d5ff75d08c9,
        type: 2}
      propertyPath: BricksLvl1.Array.data[8].Position.y
      value: 1
      objectReference: {fileID: 0}
    - target: {fileID: 114172924818798280, guid: 9805147ba3eed49da96d2d5ff75d08c9,
        type: 2}
      propertyPath: BricksLvl1.Array.data[9].Position.x
      value: -2
      objectReference: {fileID: 0}
    - target: {fileID: 114172924818798280, guid: 9805147ba3eed49da96d2d5ff75d08c9,
        type: 2}
      propertyPath: BricksLvl1.Array.data[9].Position.y
      value: 4
      objectReference: {fileID: 0}
    - target: {fileID: 114172924818798280, guid: 9805147ba3eed49da96d2d5ff75d08c9,
        type: 2}
      propertyPath: BricksLvl1.Array.data[9].ConfigIndex
      value: 3
      objectReference: {fileID: 0}
    - target: {fileID: 114172924818798280, guid: 9805147ba3eed49da96d2d5ff75d08c9,
        type: 2}
      propertyPath: BricksLvl1.Array.data[8].ConfigIndex
      value: 3
      objectReference: {fileID: 0}
    - target: {fileID: 114172924818798280, guid: 9805147ba3eed49da96d2d5ff75d08c9,
        type: 2}
      propertyPath: BricksLvl1.Array.data[7].ConfigIndex
      value: 2
      objectReference: {fileID: 0}
    - target: {fileID: 114172924818798280, guid: 9805147ba3eed49da96d2d5ff75d08c9,
        type: 2}
      propertyPath: BricksLvl1.Array.data[6].ConfigIndex
      value: 2
      objectReference: {fileID: 0}
    - target: {fileID: 114172924818798280, guid: 9805147ba3eed49da96d2d5ff75d08c9,
        type: 2}
      propertyPath: BricksLvl1.Array.data[0].Position.x
      value: 0
      objectReference: {fileID: 0}
    - target: {fileID: 114172924818798280, guid: 9805147ba3eed49da96d2d5ff75d08c9,
        type: 2}
      propertyPath: BricksLvl1.Array.data[1].Position.x
      value: 0
      objectReference: {fileID: 0}
    - target: {fileID: 114172924818798280, guid: 9805147ba3eed49da96d2d5ff75d08c9,
        type: 2}
      propertyPath: Bricks.Array.data[0].ConfigIndex
      value: 1
      objectReference: {fileID: 0}
    - target: {fileID: 114172924818798280, guid: 9805147ba3eed49da96d2d5ff75d08c9,
        type: 2}
      propertyPath: Bricks.Array.data[1].ConfigIndex
      value: 2
      objectReference: {fileID: 0}
    - target: {fileID: 114172924818798280, guid: 9805147ba3eed49da96d2d5ff75d08c9,
        type: 2}
      propertyPath: BricksLvl2.Array.data[7].ConfigIndex
      value: 1
      objectReference: {fileID: 0}
    - target: {fileID: 114172924818798280, guid: 9805147ba3eed49da96d2d5ff75d08c9,
        type: 2}
      propertyPath: level
      value: 1
      objectReference: {fileID: 0}
    m_RemovedComponents: []
  m_ParentPrefab: {fileID: 100100000, guid: 9805147ba3eed49da96d2d5ff75d08c9, type: 2}
  m_IsPrefabParent: 0
--- !u!1 &326748069 stripped
GameObject:
  m_PrefabParentObject: {fileID: 1619566070222870, guid: e826ab86828384eb1bc13e1566e4ca56,
    type: 2}
  m_PrefabInternal: {fileID: 1053169716}
--- !u!114 &326748073
MonoBehaviour:
  m_ObjectHideFlags: 0
  m_PrefabParentObject: {fileID: 0}
  m_PrefabInternal: {fileID: 0}
  m_GameObject: {fileID: 326748069}
  m_Enabled: 1
  m_EditorHideFlags: 0
  m_Script: {fileID: 11500000, guid: 1bdda0983e9334ae4b970e26024f0116, type: 3}
  m_Name: 
  m_EditorClassIdentifier: 
  translationKey: BUTTON_START
--- !u!1 &394814264
GameObject:
  m_ObjectHideFlags: 0
  m_PrefabParentObject: {fileID: 0}
  m_PrefabInternal: {fileID: 0}
  serializedVersion: 5
  m_Component:
  - component: {fileID: 394814267}
  - component: {fileID: 394814266}
  - component: {fileID: 394814265}
  m_Layer: 0
  m_Name: EventSystem
  m_TagString: Untagged
  m_Icon: {fileID: 0}
  m_NavMeshLayer: 0
  m_StaticEditorFlags: 0
  m_IsActive: 1
--- !u!114 &394814265
MonoBehaviour:
  m_ObjectHideFlags: 0
  m_PrefabParentObject: {fileID: 0}
  m_PrefabInternal: {fileID: 0}
  m_GameObject: {fileID: 394814264}
  m_Enabled: 1
  m_EditorHideFlags: 0
  m_Script: {fileID: 1077351063, guid: f5f67c52d1564df4a8936ccd202a3bd8, type: 3}
  m_Name: 
  m_EditorClassIdentifier: 
  m_HorizontalAxis: Horizontal
  m_VerticalAxis: Vertical
  m_SubmitButton: Submit
  m_CancelButton: Cancel
  m_InputActionsPerSecond: 10
  m_RepeatDelay: 0.5
  m_ForceModuleActive: 0
--- !u!114 &394814266
MonoBehaviour:
  m_ObjectHideFlags: 0
  m_PrefabParentObject: {fileID: 0}
  m_PrefabInternal: {fileID: 0}
  m_GameObject: {fileID: 394814264}
  m_Enabled: 1
  m_EditorHideFlags: 0
  m_Script: {fileID: -619905303, guid: f5f67c52d1564df4a8936ccd202a3bd8, type: 3}
  m_Name: 
  m_EditorClassIdentifier: 
  m_FirstSelected: {fileID: 0}
  m_sendNavigationEvents: 1
  m_DragThreshold: 5
--- !u!4 &394814267
Transform:
  m_ObjectHideFlags: 0
  m_PrefabParentObject: {fileID: 0}
  m_PrefabInternal: {fileID: 0}
  m_GameObject: {fileID: 394814264}
  m_LocalRotation: {x: 0, y: 0, z: 0, w: 1}
  m_LocalPosition: {x: 0, y: 0, z: 0}
  m_LocalScale: {x: 1, y: 1, z: 1}
  m_Children: []
  m_Father: {fileID: 0}
  m_RootOrder: 3
  m_LocalEulerAnglesHint: {x: 0, y: 0, z: 0}
--- !u!1 &528414540
GameObject:
  m_ObjectHideFlags: 0
  m_PrefabParentObject: {fileID: 0}
  m_PrefabInternal: {fileID: 0}
  serializedVersion: 5
  m_Component:
  - component: {fileID: 528414541}
  - component: {fileID: 528414542}
  m_Layer: 0
  m_Name: GameController
  m_TagString: Untagged
  m_Icon: {fileID: 0}
  m_NavMeshLayer: 0
  m_StaticEditorFlags: 0
  m_IsActive: 1
--- !u!4 &528414541
Transform:
  m_ObjectHideFlags: 0
  m_PrefabParentObject: {fileID: 0}
  m_PrefabInternal: {fileID: 0}
  m_GameObject: {fileID: 528414540}
  m_LocalRotation: {x: 0, y: 0, z: 0, w: 1}
  m_LocalPosition: {x: 0, y: 0, z: 0}
  m_LocalScale: {x: 1, y: 1, z: 1}
  m_Children: []
  m_Father: {fileID: 2067583830}
  m_RootOrder: 0
  m_LocalEulerAnglesHint: {x: 0, y: 0, z: 0}
--- !u!114 &528414542
MonoBehaviour:
  m_ObjectHideFlags: 0
  m_PrefabParentObject: {fileID: 0}
  m_PrefabInternal: {fileID: 0}
  m_GameObject: {fileID: 528414540}
  m_Enabled: 1
  m_EditorHideFlags: 0
  m_Script: {fileID: 11500000, guid: 642f81438f6024f2cbefb1a9df4b99fd, type: 3}
  m_Name: 
  m_EditorClassIdentifier: 
--- !u!4 &567274850 stripped
Transform:
  m_PrefabParentObject: {fileID: 4588996304441254, guid: 9805147ba3eed49da96d2d5ff75d08c9,
    type: 2}
  m_PrefabInternal: {fileID: 122036777}
--- !u!1 &571533647
GameObject:
  m_ObjectHideFlags: 0
  m_PrefabParentObject: {fileID: 1820443809933996, guid: a47427186db3e42488a4f35987d43a35,
    type: 2}
  m_PrefabInternal: {fileID: 0}
  serializedVersion: 5
  m_Component:
  - component: {fileID: 571533648}
  - component: {fileID: 1119592316}
  - component: {fileID: 571533651}
  m_Layer: 5
  m_Name: PlayerLivesView
  m_TagString: Untagged
  m_Icon: {fileID: 0}
  m_NavMeshLayer: 0
  m_StaticEditorFlags: 0
  m_IsActive: 0
--- !u!224 &571533648
RectTransform:
  m_ObjectHideFlags: 0
  m_PrefabParentObject: {fileID: 0}
  m_PrefabInternal: {fileID: 0}
  m_GameObject: {fileID: 571533647}
  m_LocalRotation: {x: -0, y: -0, z: -0, w: 1}
  m_LocalPosition: {x: 0, y: 0, z: 0}
  m_LocalScale: {x: 1, y: 1, z: 1}
  m_Children:
  - {fileID: 1734493300}
  m_Father: {fileID: 615896082}
  m_RootOrder: 3
  m_LocalEulerAnglesHint: {x: 0, y: 0, z: 0}
  m_AnchorMin: {x: 1, y: 1}
  m_AnchorMax: {x: 1, y: 1}
  m_AnchoredPosition: {x: -50, y: -50}
  m_SizeDelta: {x: 100, y: 100}
  m_Pivot: {x: 0.5, y: 0.5}
--- !u!222 &571533651
CanvasRenderer:
  m_ObjectHideFlags: 0
  m_PrefabParentObject: {fileID: 0}
  m_PrefabInternal: {fileID: 0}
  m_GameObject: {fileID: 571533647}
--- !u!1 &574232098
GameObject:
  m_ObjectHideFlags: 0
  m_PrefabParentObject: {fileID: 0}
  m_PrefabInternal: {fileID: 0}
  serializedVersion: 5
  m_Component:
  - component: {fileID: 574232099}
  m_Layer: 0
  m_Name: HolderOfBrickViews
  m_TagString: Untagged
  m_Icon: {fileID: 0}
  m_NavMeshLayer: 0
  m_StaticEditorFlags: 0
  m_IsActive: 1
--- !u!4 &574232099
Transform:
  m_ObjectHideFlags: 0
  m_PrefabParentObject: {fileID: 0}
  m_PrefabInternal: {fileID: 0}
  m_GameObject: {fileID: 574232098}
  m_LocalRotation: {x: 0, y: 0, z: 0, w: 1}
  m_LocalPosition: {x: 0, y: 0, z: 0}
  m_LocalScale: {x: 1, y: 1, z: 1}
  m_Children: []
  m_Father: {fileID: 1316114808}
  m_RootOrder: 0
  m_LocalEulerAnglesHint: {x: 0, y: 0, z: 0}
--- !u!1 &615896078
GameObject:
  m_ObjectHideFlags: 0
  m_PrefabParentObject: {fileID: 0}
  m_PrefabInternal: {fileID: 0}
  serializedVersion: 5
  m_Component:
  - component: {fileID: 615896082}
  - component: {fileID: 615896081}
  - component: {fileID: 615896080}
  - component: {fileID: 615896079}
  m_Layer: 5
  m_Name: Canvas
  m_TagString: Untagged
  m_Icon: {fileID: 0}
  m_NavMeshLayer: 0
  m_StaticEditorFlags: 0
  m_IsActive: 1
--- !u!114 &615896079
MonoBehaviour:
  m_ObjectHideFlags: 0
  m_PrefabParentObject: {fileID: 0}
  m_PrefabInternal: {fileID: 0}
  m_GameObject: {fileID: 615896078}
  m_Enabled: 1
  m_EditorHideFlags: 0
  m_Script: {fileID: 1301386320, guid: f5f67c52d1564df4a8936ccd202a3bd8, type: 3}
  m_Name: 
  m_EditorClassIdentifier: 
  m_IgnoreReversedGraphics: 1
  m_BlockingObjects: 0
  m_BlockingMask:
    serializedVersion: 2
    m_Bits: 4294967295
--- !u!114 &615896080
MonoBehaviour:
  m_ObjectHideFlags: 0
  m_PrefabParentObject: {fileID: 0}
  m_PrefabInternal: {fileID: 0}
  m_GameObject: {fileID: 615896078}
  m_Enabled: 1
  m_EditorHideFlags: 0
  m_Script: {fileID: 1980459831, guid: f5f67c52d1564df4a8936ccd202a3bd8, type: 3}
  m_Name: 
  m_EditorClassIdentifier: 
  m_UiScaleMode: 0
  m_ReferencePixelsPerUnit: 100
  m_ScaleFactor: 1
  m_ReferenceResolution: {x: 800, y: 600}
  m_ScreenMatchMode: 0
  m_MatchWidthOrHeight: 0
  m_PhysicalUnit: 3
  m_FallbackScreenDPI: 96
  m_DefaultSpriteDPI: 96
  m_DynamicPixelsPerUnit: 1
--- !u!223 &615896081
Canvas:
  m_ObjectHideFlags: 0
  m_PrefabParentObject: {fileID: 0}
  m_PrefabInternal: {fileID: 0}
  m_GameObject: {fileID: 615896078}
  m_Enabled: 1
  serializedVersion: 3
  m_RenderMode: 0
  m_Camera: {fileID: 0}
  m_PlaneDistance: 100
  m_PixelPerfect: 0
  m_ReceivesEvents: 1
  m_OverrideSorting: 0
  m_OverridePixelPerfect: 0
  m_SortingBucketNormalizedSize: 0
  m_AdditionalShaderChannelsFlag: 0
  m_SortingLayerID: 0
  m_SortingOrder: 0
  m_TargetDisplay: 0
--- !u!224 &615896082
RectTransform:
  m_ObjectHideFlags: 0
  m_PrefabParentObject: {fileID: 0}
  m_PrefabInternal: {fileID: 0}
  m_GameObject: {fileID: 615896078}
  m_LocalRotation: {x: 0, y: 0, z: 0, w: 1}
  m_LocalPosition: {x: 0, y: 0, z: 0}
  m_LocalScale: {x: 0, y: 0, z: 0}
  m_Children:
  - {fileID: 20675178}
  - {fileID: 1451159454}
  - {fileID: 1062945371}
  - {fileID: 571533648}
  - {fileID: 890712992}
  - {fileID: 1373978199}
  m_Father: {fileID: 0}
  m_RootOrder: 2
  m_LocalEulerAnglesHint: {x: 0, y: 0, z: 0}
  m_AnchorMin: {x: 0, y: 0}
  m_AnchorMax: {x: 0, y: 0}
  m_AnchoredPosition: {x: 0, y: 0}
  m_SizeDelta: {x: 0, y: 0}
  m_Pivot: {x: 0, y: 0}
--- !u!1 &689251316
GameObject:
  m_ObjectHideFlags: 0
  m_PrefabParentObject: {fileID: 0}
  m_PrefabInternal: {fileID: 0}
  serializedVersion: 5
  m_Component:
  - component: {fileID: 689251318}
  - component: {fileID: 689251317}
  m_Layer: 0
  m_Name: LocaleManager
  m_TagString: Untagged
  m_Icon: {fileID: 0}
  m_NavMeshLayer: 0
  m_StaticEditorFlags: 0
  m_IsActive: 1
--- !u!114 &689251317
MonoBehaviour:
  m_ObjectHideFlags: 0
  m_PrefabParentObject: {fileID: 0}
  m_PrefabInternal: {fileID: 0}
  m_GameObject: {fileID: 689251316}
  m_Enabled: 1
  m_EditorHideFlags: 0
  m_Script: {fileID: 11500000, guid: 2c6bf9b0b391e408a87cc278e17cb009, type: 3}
  m_Name: 
  m_EditorClassIdentifier: 
  csvFile: {fileID: 4900000, guid: d1ac4c2ef98d04f83bcc7ac224621706, type: 3}
  defaultFallbackLanguage: 10
--- !u!4 &689251318
Transform:
  m_ObjectHideFlags: 0
  m_PrefabParentObject: {fileID: 0}
  m_PrefabInternal: {fileID: 0}
  m_GameObject: {fileID: 689251316}
  m_LocalRotation: {x: 0, y: 0, z: 0, w: 1}
  m_LocalPosition: {x: -9.203551, y: 4.990623, z: 6.4582705}
  m_LocalScale: {x: 1, y: 1, z: 1}
  m_Children: []
  m_Father: {fileID: 0}
  m_RootOrder: 8
  m_LocalEulerAnglesHint: {x: 0, y: 0, z: 0}
--- !u!1 &705718961 stripped
GameObject:
  m_PrefabParentObject: {fileID: 1565636783961572, guid: 58c83d122ac334e429ceefc91e45ea14,
    type: 2}
  m_PrefabInternal: {fileID: 20675177}
--- !u!114 &705718965
MonoBehaviour:
  m_ObjectHideFlags: 0
  m_PrefabParentObject: {fileID: 0}
  m_PrefabInternal: {fileID: 0}
  m_GameObject: {fileID: 705718961}
  m_Enabled: 1
  m_EditorHideFlags: 0
  m_Script: {fileID: 11500000, guid: 1bdda0983e9334ae4b970e26024f0116, type: 3}
  m_Name: 
  m_EditorClassIdentifier: 
  translationKey: BUTTON_MUSIC_UP
--- !u!1 &709715651 stripped
GameObject:
  m_PrefabParentObject: {fileID: 1465566629617468, guid: 58c83d122ac334e429ceefc91e45ea14,
    type: 2}
  m_PrefabInternal: {fileID: 20675177}
--- !u!114 &709715655
MonoBehaviour:
  m_ObjectHideFlags: 0
  m_PrefabParentObject: {fileID: 0}
  m_PrefabInternal: {fileID: 0}
  m_GameObject: {fileID: 709715651}
  m_Enabled: 1
  m_EditorHideFlags: 0
  m_Script: {fileID: 11500000, guid: 1bdda0983e9334ae4b970e26024f0116, type: 3}
  m_Name: 
  m_EditorClassIdentifier: 
  translationKey: BUTTON_VOLUME_UP
--- !u!114 &721271143 stripped
MonoBehaviour:
  m_PrefabParentObject: {fileID: 114387454622240338, guid: 67ed3eff634324f33ac3811e88d79a81,
    type: 2}
  m_PrefabInternal: {fileID: 1373978198}
  m_Script: {fileID: 11500000, guid: 0bcfd5287ef9e4c83b101538c5823169, type: 3}
--- !u!1 &828864498
GameObject:
  m_ObjectHideFlags: 0
  m_PrefabParentObject: {fileID: 0}
  m_PrefabInternal: {fileID: 0}
  serializedVersion: 5
  m_Component:
  - component: {fileID: 828864499}
  - component: {fileID: 828864501}
  - component: {fileID: 828864500}
  m_Layer: 5
  m_Name: YourScoreText
  m_TagString: Untagged
  m_Icon: {fileID: 0}
  m_NavMeshLayer: 0
  m_StaticEditorFlags: 0
  m_IsActive: 1
--- !u!224 &828864499
RectTransform:
  m_ObjectHideFlags: 0
  m_PrefabParentObject: {fileID: 0}
  m_PrefabInternal: {fileID: 0}
  m_GameObject: {fileID: 828864498}
  m_LocalRotation: {x: 0, y: 0, z: 0, w: 1}
  m_LocalPosition: {x: 0, y: 0, z: 0}
  m_LocalScale: {x: 1, y: 1, z: 1}
  m_Children: []
  m_Father: {fileID: 1373978199}
  m_RootOrder: 3
  m_LocalEulerAnglesHint: {x: 0, y: 0, z: 0}
  m_AnchorMin: {x: 0.5, y: 0.5}
  m_AnchorMax: {x: 0.5, y: 0.5}
  m_AnchoredPosition: {x: 0, y: -35}
  m_SizeDelta: {x: 160, y: 30}
  m_Pivot: {x: 0.5, y: 0.5}
--- !u!114 &828864500
MonoBehaviour:
  m_ObjectHideFlags: 0
  m_PrefabParentObject: {fileID: 0}
  m_PrefabInternal: {fileID: 0}
  m_GameObject: {fileID: 828864498}
  m_Enabled: 1
  m_EditorHideFlags: 0
  m_Script: {fileID: 708705254, guid: f70555f144d8491a825f0804e09c671c, type: 3}
  m_Name: 
  m_EditorClassIdentifier: 
  m_Material: {fileID: 0}
  m_Color: {r: 1, g: 1, b: 1, a: 1}
  m_RaycastTarget: 1
  m_OnCullStateChanged:
    m_PersistentCalls:
      m_Calls: []
    m_TypeName: UnityEngine.UI.MaskableGraphic+CullStateChangedEvent, UnityEngine.UI,
      Version=1.0.0.0, Culture=neutral, PublicKeyToken=null
  m_FontData:
    m_Font: {fileID: 10102, guid: 0000000000000000e000000000000000, type: 0}
    m_FontSize: 14
    m_FontStyle: 0
    m_BestFit: 0
    m_MinSize: 10
    m_MaxSize: 40
    m_Alignment: 1
    m_AlignByGeometry: 0
    m_RichText: 1
    m_HorizontalOverflow: 0
    m_VerticalOverflow: 0
    m_LineSpacing: 1
  m_Text: 'Your Score: {0}'
--- !u!222 &828864501
CanvasRenderer:
  m_ObjectHideFlags: 0
  m_PrefabParentObject: {fileID: 0}
  m_PrefabInternal: {fileID: 0}
  m_GameObject: {fileID: 828864498}
--- !u!224 &890712992 stripped
RectTransform:
  m_PrefabParentObject: {fileID: 224056992380414382, guid: 8ba486dee93a741ec80ac2d1e032189a,
    type: 2}
  m_PrefabInternal: {fileID: 1224195165}
--- !u!114 &890712993 stripped
MonoBehaviour:
  m_PrefabParentObject: {fileID: 114349802003970348, guid: 8ba486dee93a741ec80ac2d1e032189a,
    type: 2}
  m_PrefabInternal: {fileID: 1224195165}
  m_Script: {fileID: 11500000, guid: b5b4d60a061ef4c5baabda57e14369a0, type: 3}
--- !u!1001 &987890438
Prefab:
  m_ObjectHideFlags: 0
  serializedVersion: 2
  m_Modification:
    m_TransformParent: {fileID: 615896082}
    m_Modifications:
    - target: {fileID: 224929518817264222, guid: 5f2172adb08bb403d9f453dd820ea2cc,
        type: 2}
      propertyPath: m_LocalPosition.x
      value: 0
      objectReference: {fileID: 0}
    - target: {fileID: 224929518817264222, guid: 5f2172adb08bb403d9f453dd820ea2cc,
        type: 2}
      propertyPath: m_LocalPosition.y
      value: 0
      objectReference: {fileID: 0}
    - target: {fileID: 224929518817264222, guid: 5f2172adb08bb403d9f453dd820ea2cc,
        type: 2}
      propertyPath: m_LocalPosition.z
      value: 0
      objectReference: {fileID: 0}
    - target: {fileID: 224929518817264222, guid: 5f2172adb08bb403d9f453dd820ea2cc,
        type: 2}
      propertyPath: m_LocalRotation.x
      value: 0
      objectReference: {fileID: 0}
    - target: {fileID: 224929518817264222, guid: 5f2172adb08bb403d9f453dd820ea2cc,
        type: 2}
      propertyPath: m_LocalRotation.y
      value: 0
      objectReference: {fileID: 0}
    - target: {fileID: 224929518817264222, guid: 5f2172adb08bb403d9f453dd820ea2cc,
        type: 2}
      propertyPath: m_LocalRotation.z
      value: 0
      objectReference: {fileID: 0}
    - target: {fileID: 224929518817264222, guid: 5f2172adb08bb403d9f453dd820ea2cc,
        type: 2}
      propertyPath: m_LocalRotation.w
      value: 1
      objectReference: {fileID: 0}
    - target: {fileID: 224929518817264222, guid: 5f2172adb08bb403d9f453dd820ea2cc,
        type: 2}
      propertyPath: m_RootOrder
      value: 2
      objectReference: {fileID: 0}
    - target: {fileID: 224929518817264222, guid: 5f2172adb08bb403d9f453dd820ea2cc,
        type: 2}
      propertyPath: m_AnchoredPosition.x
      value: 0
      objectReference: {fileID: 0}
    - target: {fileID: 224929518817264222, guid: 5f2172adb08bb403d9f453dd820ea2cc,
        type: 2}
      propertyPath: m_AnchoredPosition.y
      value: 0
      objectReference: {fileID: 0}
    - target: {fileID: 224929518817264222, guid: 5f2172adb08bb403d9f453dd820ea2cc,
        type: 2}
      propertyPath: m_SizeDelta.x
      value: 172
      objectReference: {fileID: 0}
    - target: {fileID: 224929518817264222, guid: 5f2172adb08bb403d9f453dd820ea2cc,
        type: 2}
      propertyPath: m_SizeDelta.y
      value: 113
      objectReference: {fileID: 0}
    - target: {fileID: 224929518817264222, guid: 5f2172adb08bb403d9f453dd820ea2cc,
        type: 2}
      propertyPath: m_AnchorMin.x
      value: 0
      objectReference: {fileID: 0}
    - target: {fileID: 224929518817264222, guid: 5f2172adb08bb403d9f453dd820ea2cc,
        type: 2}
      propertyPath: m_AnchorMin.y
      value: 1
      objectReference: {fileID: 0}
    - target: {fileID: 224929518817264222, guid: 5f2172adb08bb403d9f453dd820ea2cc,
        type: 2}
      propertyPath: m_AnchorMax.x
      value: 0
      objectReference: {fileID: 0}
    - target: {fileID: 224929518817264222, guid: 5f2172adb08bb403d9f453dd820ea2cc,
        type: 2}
      propertyPath: m_AnchorMax.y
      value: 1
      objectReference: {fileID: 0}
    - target: {fileID: 224929518817264222, guid: 5f2172adb08bb403d9f453dd820ea2cc,
        type: 2}
      propertyPath: m_Pivot.x
      value: 0
      objectReference: {fileID: 0}
    - target: {fileID: 224929518817264222, guid: 5f2172adb08bb403d9f453dd820ea2cc,
        type: 2}
      propertyPath: m_Pivot.y
      value: 1
      objectReference: {fileID: 0}
    - target: {fileID: 114710507471969246, guid: 5f2172adb08bb403d9f453dd820ea2cc,
        type: 2}
      propertyPath: m_Text
      value: 
      objectReference: {fileID: 0}
    m_RemovedComponents: []
  m_ParentPrefab: {fileID: 100100000, guid: 5f2172adb08bb403d9f453dd820ea2cc, type: 2}
  m_IsPrefabParent: 0
--- !u!1 &988099074 stripped
GameObject:
  m_PrefabParentObject: {fileID: 1143829441003672, guid: 58c83d122ac334e429ceefc91e45ea14,
    type: 2}
  m_PrefabInternal: {fileID: 20675177}
--- !u!114 &988099078
MonoBehaviour:
  m_ObjectHideFlags: 0
  m_PrefabParentObject: {fileID: 0}
  m_PrefabInternal: {fileID: 0}
  m_GameObject: {fileID: 988099074}
  m_Enabled: 1
  m_EditorHideFlags: 0
  m_Script: {fileID: 11500000, guid: 1bdda0983e9334ae4b970e26024f0116, type: 3}
  m_Name: 
  m_EditorClassIdentifier: 
  translationKey: BUTTON_SETTINGS_BACK
--- !u!1 &1005368787
GameObject:
  m_ObjectHideFlags: 0
  m_PrefabParentObject: {fileID: 0}
  m_PrefabInternal: {fileID: 0}
  serializedVersion: 5
  m_Component:
  - component: {fileID: 1005368788}
  - component: {fileID: 1005368790}
  - component: {fileID: 1005368789}
  m_Layer: 5
  m_Name: HighscoreText
  m_TagString: Untagged
  m_Icon: {fileID: 0}
  m_NavMeshLayer: 0
  m_StaticEditorFlags: 0
  m_IsActive: 1
--- !u!224 &1005368788
RectTransform:
  m_ObjectHideFlags: 0
  m_PrefabParentObject: {fileID: 0}
  m_PrefabInternal: {fileID: 0}
  m_GameObject: {fileID: 1005368787}
  m_LocalRotation: {x: 0, y: 0, z: 0, w: 1}
  m_LocalPosition: {x: 0, y: 0, z: 0}
  m_LocalScale: {x: 1, y: 1, z: 1}
  m_Children: []
  m_Father: {fileID: 1373978199}
  m_RootOrder: 2
  m_LocalEulerAnglesHint: {x: 0, y: 0, z: 0}
  m_AnchorMin: {x: 0.5, y: 0.5}
  m_AnchorMax: {x: 0.5, y: 0.5}
  m_AnchoredPosition: {x: 0, y: -50}
  m_SizeDelta: {x: 160, y: 30}
  m_Pivot: {x: 0.5, y: 0.5}
--- !u!114 &1005368789
MonoBehaviour:
  m_ObjectHideFlags: 0
  m_PrefabParentObject: {fileID: 0}
  m_PrefabInternal: {fileID: 0}
  m_GameObject: {fileID: 1005368787}
  m_Enabled: 1
  m_EditorHideFlags: 0
  m_Script: {fileID: 708705254, guid: f70555f144d8491a825f0804e09c671c, type: 3}
  m_Name: 
  m_EditorClassIdentifier: 
  m_Material: {fileID: 0}
  m_Color: {r: 1, g: 1, b: 1, a: 1}
  m_RaycastTarget: 1
  m_OnCullStateChanged:
    m_PersistentCalls:
      m_Calls: []
    m_TypeName: UnityEngine.UI.MaskableGraphic+CullStateChangedEvent, UnityEngine.UI,
      Version=1.0.0.0, Culture=neutral, PublicKeyToken=null
  m_FontData:
    m_Font: {fileID: 10102, guid: 0000000000000000e000000000000000, type: 0}
    m_FontSize: 14
    m_FontStyle: 0
    m_BestFit: 0
    m_MinSize: 10
    m_MaxSize: 40
    m_Alignment: 1
    m_AlignByGeometry: 0
    m_RichText: 1
    m_HorizontalOverflow: 0
    m_VerticalOverflow: 0
    m_LineSpacing: 1
  m_Text: 'Highscore: {0}'
--- !u!222 &1005368790
CanvasRenderer:
  m_ObjectHideFlags: 0
  m_PrefabParentObject: {fileID: 0}
  m_PrefabInternal: {fileID: 0}
  m_GameObject: {fileID: 1005368787}
--- !u!1001 &1053169716
Prefab:
  m_ObjectHideFlags: 0
  serializedVersion: 2
  m_Modification:
    m_TransformParent: {fileID: 615896082}
    m_Modifications:
    - target: {fileID: 224073754681001108, guid: e826ab86828384eb1bc13e1566e4ca56,
        type: 2}
      propertyPath: m_LocalPosition.x
      value: 0
      objectReference: {fileID: 0}
    - target: {fileID: 224073754681001108, guid: e826ab86828384eb1bc13e1566e4ca56,
        type: 2}
      propertyPath: m_LocalPosition.y
      value: 0
      objectReference: {fileID: 0}
    - target: {fileID: 224073754681001108, guid: e826ab86828384eb1bc13e1566e4ca56,
        type: 2}
      propertyPath: m_LocalPosition.z
      value: 0
      objectReference: {fileID: 0}
    - target: {fileID: 224073754681001108, guid: e826ab86828384eb1bc13e1566e4ca56,
        type: 2}
      propertyPath: m_LocalRotation.x
      value: 0
      objectReference: {fileID: 0}
    - target: {fileID: 224073754681001108, guid: e826ab86828384eb1bc13e1566e4ca56,
        type: 2}
      propertyPath: m_LocalRotation.y
      value: 0
      objectReference: {fileID: 0}
    - target: {fileID: 224073754681001108, guid: e826ab86828384eb1bc13e1566e4ca56,
        type: 2}
      propertyPath: m_LocalRotation.z
      value: 0
      objectReference: {fileID: 0}
    - target: {fileID: 224073754681001108, guid: e826ab86828384eb1bc13e1566e4ca56,
        type: 2}
      propertyPath: m_LocalRotation.w
      value: 1
      objectReference: {fileID: 0}
    - target: {fileID: 224073754681001108, guid: e826ab86828384eb1bc13e1566e4ca56,
        type: 2}
      propertyPath: m_RootOrder
      value: 1
      objectReference: {fileID: 0}
    - target: {fileID: 224073754681001108, guid: e826ab86828384eb1bc13e1566e4ca56,
        type: 2}
      propertyPath: m_AnchoredPosition.x
      value: 0
      objectReference: {fileID: 0}
    - target: {fileID: 224073754681001108, guid: e826ab86828384eb1bc13e1566e4ca56,
        type: 2}
      propertyPath: m_AnchoredPosition.y
      value: 0
      objectReference: {fileID: 0}
    - target: {fileID: 224073754681001108, guid: e826ab86828384eb1bc13e1566e4ca56,
        type: 2}
      propertyPath: m_SizeDelta.x
      value: 0
      objectReference: {fileID: 0}
    - target: {fileID: 224073754681001108, guid: e826ab86828384eb1bc13e1566e4ca56,
        type: 2}
      propertyPath: m_SizeDelta.y
      value: 0
      objectReference: {fileID: 0}
    - target: {fileID: 224073754681001108, guid: e826ab86828384eb1bc13e1566e4ca56,
        type: 2}
      propertyPath: m_AnchorMin.x
      value: 0
      objectReference: {fileID: 0}
    - target: {fileID: 224073754681001108, guid: e826ab86828384eb1bc13e1566e4ca56,
        type: 2}
      propertyPath: m_AnchorMin.y
      value: 0
      objectReference: {fileID: 0}
    - target: {fileID: 224073754681001108, guid: e826ab86828384eb1bc13e1566e4ca56,
        type: 2}
      propertyPath: m_AnchorMax.x
      value: 1
      objectReference: {fileID: 0}
    - target: {fileID: 224073754681001108, guid: e826ab86828384eb1bc13e1566e4ca56,
        type: 2}
      propertyPath: m_AnchorMax.y
      value: 1
      objectReference: {fileID: 0}
    - target: {fileID: 224073754681001108, guid: e826ab86828384eb1bc13e1566e4ca56,
        type: 2}
      propertyPath: m_Pivot.x
      value: 0.5
      objectReference: {fileID: 0}
    - target: {fileID: 224073754681001108, guid: e826ab86828384eb1bc13e1566e4ca56,
        type: 2}
      propertyPath: m_Pivot.y
      value: 0.5
      objectReference: {fileID: 0}
    - target: {fileID: 1560106613571746, guid: e826ab86828384eb1bc13e1566e4ca56, type: 2}
      propertyPath: m_IsActive
      value: 0
      objectReference: {fileID: 0}
    - target: {fileID: 114073873169011742, guid: e826ab86828384eb1bc13e1566e4ca56,
        type: 2}
      propertyPath: m_Text
      value: Start
      objectReference: {fileID: 0}
    m_RemovedComponents: []
  m_ParentPrefab: {fileID: 100100000, guid: e826ab86828384eb1bc13e1566e4ca56, type: 2}
  m_IsPrefabParent: 0
--- !u!224 &1062945371 stripped
RectTransform:
  m_PrefabParentObject: {fileID: 224929518817264222, guid: 5f2172adb08bb403d9f453dd820ea2cc,
    type: 2}
  m_PrefabInternal: {fileID: 987890438}
--- !u!114 &1062945372 stripped
MonoBehaviour:
  m_PrefabParentObject: {fileID: 114001703774625036, guid: 5f2172adb08bb403d9f453dd820ea2cc,
    type: 2}
  m_PrefabInternal: {fileID: 987890438}
  m_Script: {fileID: 11500000, guid: 1dd5c5c4b218b41f6871ebbbaab46ad4, type: 3}
--- !u!114 &1119592316
MonoBehaviour:
  m_ObjectHideFlags: 0
  m_PrefabParentObject: {fileID: 114684013215312076, guid: a47427186db3e42488a4f35987d43a35,
    type: 2}
  m_PrefabInternal: {fileID: 0}
  m_GameObject: {fileID: 571533647}
  m_Enabled: 1
  m_EditorHideFlags: 0
  m_Script: {fileID: 11500000, guid: cc89182b7317d43c3b65c3c182e94233, type: 3}
  m_Name: 
  m_EditorClassIdentifier: 
  playerLivesText: {fileID: 1734493301}
--- !u!1 &1121718791 stripped
GameObject:
  m_PrefabParentObject: {fileID: 1282064914133566, guid: e826ab86828384eb1bc13e1566e4ca56,
    type: 2}
  m_PrefabInternal: {fileID: 1053169716}
--- !u!114 &1121718795
MonoBehaviour:
  m_ObjectHideFlags: 0
  m_PrefabParentObject: {fileID: 0}
  m_PrefabInternal: {fileID: 0}
  m_GameObject: {fileID: 1121718791}
  m_Enabled: 1
  m_EditorHideFlags: 0
  m_Script: {fileID: 11500000, guid: 1bdda0983e9334ae4b970e26024f0116, type: 3}
  m_Name: 
  m_EditorClassIdentifier: 
  translationKey: BUTTON_EXIT
--- !u!114 &1126194649 stripped
MonoBehaviour:
  m_PrefabParentObject: {fileID: 114943497471587528, guid: ce62a9d0f1a834b809c629b1adc4aa15,
    type: 2}
  m_PrefabInternal: {fileID: 1826921118}
  m_Script: {fileID: 11500000, guid: 58d9efc17a0a14738b9504f738449597, type: 3}
--- !u!1 &1209169316
GameObject:
  m_ObjectHideFlags: 0
  m_PrefabParentObject: {fileID: 0}
  m_PrefabInternal: {fileID: 0}
  serializedVersion: 5
  m_Component:
  - component: {fileID: 1209169318}
  - component: {fileID: 1209169317}
  m_Layer: 0
  m_Name: DatabaseManager
  m_TagString: Untagged
  m_Icon: {fileID: 0}
  m_NavMeshLayer: 0
  m_StaticEditorFlags: 0
  m_IsActive: 1
--- !u!114 &1209169317
MonoBehaviour:
  m_ObjectHideFlags: 0
  m_PrefabParentObject: {fileID: 0}
  m_PrefabInternal: {fileID: 0}
  m_GameObject: {fileID: 1209169316}
  m_Enabled: 1
  m_EditorHideFlags: 0
  m_Script: {fileID: 11500000, guid: 92280e7afe5d64ae18f3ef89dc0f8588, type: 3}
  m_Name: 
  m_EditorClassIdentifier: 
  database: {fileID: 11400000, guid: c91dcc230aee742ce8c99f2c83e97ee0, type: 2}
--- !u!4 &1209169318
Transform:
  m_ObjectHideFlags: 0
  m_PrefabParentObject: {fileID: 0}
  m_PrefabInternal: {fileID: 0}
  m_GameObject: {fileID: 1209169316}
  m_LocalRotation: {x: 0, y: 0, z: 0, w: 1}
  m_LocalPosition: {x: 0, y: 0, z: 0}
  m_LocalScale: {x: 1, y: 1, z: 1}
  m_Children: []
  m_Father: {fileID: 0}
  m_RootOrder: 6
  m_LocalEulerAnglesHint: {x: 0, y: 0, z: 0}
--- !u!1001 &1224195165
Prefab:
  m_ObjectHideFlags: 0
  serializedVersion: 2
  m_Modification:
    m_TransformParent: {fileID: 615896082}
    m_Modifications:
    - target: {fileID: 224056992380414382, guid: 8ba486dee93a741ec80ac2d1e032189a,
        type: 2}
      propertyPath: m_LocalPosition.x
      value: 0
      objectReference: {fileID: 0}
    - target: {fileID: 224056992380414382, guid: 8ba486dee93a741ec80ac2d1e032189a,
        type: 2}
      propertyPath: m_LocalPosition.y
      value: 0
      objectReference: {fileID: 0}
    - target: {fileID: 224056992380414382, guid: 8ba486dee93a741ec80ac2d1e032189a,
        type: 2}
      propertyPath: m_LocalPosition.z
      value: 0
      objectReference: {fileID: 0}
    - target: {fileID: 224056992380414382, guid: 8ba486dee93a741ec80ac2d1e032189a,
        type: 2}
      propertyPath: m_LocalRotation.x
      value: 0
      objectReference: {fileID: 0}
    - target: {fileID: 224056992380414382, guid: 8ba486dee93a741ec80ac2d1e032189a,
        type: 2}
      propertyPath: m_LocalRotation.y
      value: 0
      objectReference: {fileID: 0}
    - target: {fileID: 224056992380414382, guid: 8ba486dee93a741ec80ac2d1e032189a,
        type: 2}
      propertyPath: m_LocalRotation.z
      value: 0
      objectReference: {fileID: 0}
    - target: {fileID: 224056992380414382, guid: 8ba486dee93a741ec80ac2d1e032189a,
        type: 2}
      propertyPath: m_LocalRotation.w
      value: 1
      objectReference: {fileID: 0}
    - target: {fileID: 224056992380414382, guid: 8ba486dee93a741ec80ac2d1e032189a,
        type: 2}
      propertyPath: m_RootOrder
      value: 4
      objectReference: {fileID: 0}
    - target: {fileID: 224056992380414382, guid: 8ba486dee93a741ec80ac2d1e032189a,
        type: 2}
      propertyPath: m_AnchoredPosition.x
      value: 0
      objectReference: {fileID: 0}
    - target: {fileID: 224056992380414382, guid: 8ba486dee93a741ec80ac2d1e032189a,
        type: 2}
      propertyPath: m_AnchoredPosition.y
      value: 0
      objectReference: {fileID: 0}
    - target: {fileID: 224056992380414382, guid: 8ba486dee93a741ec80ac2d1e032189a,
        type: 2}
      propertyPath: m_SizeDelta.x
      value: 100
      objectReference: {fileID: 0}
    - target: {fileID: 224056992380414382, guid: 8ba486dee93a741ec80ac2d1e032189a,
        type: 2}
      propertyPath: m_SizeDelta.y
      value: 100
      objectReference: {fileID: 0}
    - target: {fileID: 224056992380414382, guid: 8ba486dee93a741ec80ac2d1e032189a,
        type: 2}
      propertyPath: m_AnchorMin.x
      value: 0.5
      objectReference: {fileID: 0}
    - target: {fileID: 224056992380414382, guid: 8ba486dee93a741ec80ac2d1e032189a,
        type: 2}
      propertyPath: m_AnchorMin.y
      value: 0.5
      objectReference: {fileID: 0}
    - target: {fileID: 224056992380414382, guid: 8ba486dee93a741ec80ac2d1e032189a,
        type: 2}
      propertyPath: m_AnchorMax.x
      value: 0.5
      objectReference: {fileID: 0}
    - target: {fileID: 224056992380414382, guid: 8ba486dee93a741ec80ac2d1e032189a,
        type: 2}
      propertyPath: m_AnchorMax.y
      value: 0.5
      objectReference: {fileID: 0}
    - target: {fileID: 224056992380414382, guid: 8ba486dee93a741ec80ac2d1e032189a,
        type: 2}
      propertyPath: m_Pivot.x
      value: 0.5
      objectReference: {fileID: 0}
    - target: {fileID: 224056992380414382, guid: 8ba486dee93a741ec80ac2d1e032189a,
        type: 2}
      propertyPath: m_Pivot.y
      value: 0.5
      objectReference: {fileID: 0}
    - target: {fileID: 224159896256968218, guid: 8ba486dee93a741ec80ac2d1e032189a,
        type: 2}
      propertyPath: m_AnchoredPosition.x
      value: 90
      objectReference: {fileID: 0}
    - target: {fileID: 224748273031267082, guid: 8ba486dee93a741ec80ac2d1e032189a,
        type: 2}
      propertyPath: m_AnchoredPosition.x
      value: -90
      objectReference: {fileID: 0}
    - target: {fileID: 114270856946005024, guid: 8ba486dee93a741ec80ac2d1e032189a,
        type: 2}
      propertyPath: m_Text
      value: Back To Main Menu
      objectReference: {fileID: 0}
    - target: {fileID: 114563507608647448, guid: 8ba486dee93a741ec80ac2d1e032189a,
        type: 2}
      propertyPath: m_Text
      value: Next Level
      objectReference: {fileID: 0}
    - target: {fileID: 1140814405288888, guid: 8ba486dee93a741ec80ac2d1e032189a, type: 2}
      propertyPath: m_IsActive
      value: 0
      objectReference: {fileID: 0}
    - target: {fileID: 1934114294785510, guid: 8ba486dee93a741ec80ac2d1e032189a, type: 2}
      propertyPath: m_IsActive
      value: 1
      objectReference: {fileID: 0}
    m_RemovedComponents: []
  m_ParentPrefab: {fileID: 100100000, guid: 8ba486dee93a741ec80ac2d1e032189a, type: 2}
  m_IsPrefabParent: 0
--- !u!1 &1264636781 stripped
GameObject:
  m_PrefabParentObject: {fileID: 1173396462795928, guid: 58c83d122ac334e429ceefc91e45ea14,
    type: 2}
  m_PrefabInternal: {fileID: 20675177}
--- !u!114 &1264636785
MonoBehaviour:
  m_ObjectHideFlags: 0
  m_PrefabParentObject: {fileID: 0}
  m_PrefabInternal: {fileID: 0}
  m_GameObject: {fileID: 1264636781}
  m_Enabled: 1
  m_EditorHideFlags: 0
  m_Script: {fileID: 11500000, guid: 1bdda0983e9334ae4b970e26024f0116, type: 3}
  m_Name: 
  m_EditorClassIdentifier: 
  translationKey: BUTTON_CHANGE_LANG
--- !u!1 &1283532486 stripped
GameObject:
  m_PrefabParentObject: {fileID: 1398648638272268, guid: 8ba486dee93a741ec80ac2d1e032189a,
    type: 2}
  m_PrefabInternal: {fileID: 1224195165}
--- !u!114 &1283532490
MonoBehaviour:
  m_ObjectHideFlags: 0
  m_PrefabParentObject: {fileID: 0}
  m_PrefabInternal: {fileID: 0}
  m_GameObject: {fileID: 1283532486}
  m_Enabled: 1
  m_EditorHideFlags: 0
  m_Script: {fileID: 11500000, guid: 1bdda0983e9334ae4b970e26024f0116, type: 3}
  m_Name: 
  m_EditorClassIdentifier: 
  translationKey: BUTTON_NEXT_LEVEL
--- !u!1 &1316114807
GameObject:
  m_ObjectHideFlags: 0
  m_PrefabParentObject: {fileID: 0}
  m_PrefabInternal: {fileID: 0}
  serializedVersion: 5
  m_Component:
  - component: {fileID: 1316114808}
  - component: {fileID: 1316114809}
  m_Layer: 0
  m_Name: GameView
  m_TagString: Untagged
  m_Icon: {fileID: 0}
  m_NavMeshLayer: 0
  m_StaticEditorFlags: 0
  m_IsActive: 1
--- !u!4 &1316114808
Transform:
  m_ObjectHideFlags: 0
  m_PrefabParentObject: {fileID: 0}
  m_PrefabInternal: {fileID: 0}
  m_GameObject: {fileID: 1316114807}
  m_LocalRotation: {x: 0, y: 0, z: 0, w: 1}
  m_LocalPosition: {x: 0, y: 0, z: 0}
  m_LocalScale: {x: 1, y: 1, z: 1}
  m_Children:
  - {fileID: 574232099}
  m_Father: {fileID: 1629698132}
  m_RootOrder: 0
  m_LocalEulerAnglesHint: {x: 0, y: 0, z: 0}
--- !u!114 &1316114809
MonoBehaviour:
  m_ObjectHideFlags: 0
  m_PrefabParentObject: {fileID: 0}
  m_PrefabInternal: {fileID: 0}
  m_GameObject: {fileID: 1316114807}
  m_Enabled: 1
  m_EditorHideFlags: 0
  m_Script: {fileID: 11500000, guid: f3f0827eb329a49b68b0cb980960bcb9, type: 3}
  m_Name: 
  m_EditorClassIdentifier: 
  mainMenu: {fileID: 1451159457}
  settingsGameView: {fileID: 1553261990}
  nextLevelMenuView: {fileID: 890712993}
  endGameView: {fileID: 721271143}
  windowUIView: {fileID: 1887921069}
  backgroundView: {fileID: 2105213620}
  playerView: {fileID: 1126194649}
  playerPointsView: {fileID: 1062945372}
  playerLivesView: {fileID: 1119592316}
  holderOfBrickViews: {fileID: 574232099}
  brickViewPrefab: {fileID: 1279464386074024, guid: fc0e269ac59344153a2c62b7b0c29873,
    type: 2}
  bulletViewPrefab: {fileID: 1813997002763314, guid: 4c51b166f846541b3a57645f884c672d,
    type: 2}
  explosionParticlePrefab: {fileID: 1460488826204306, guid: 9e6ff119497ee45bab6eb067d01f4279,
    type: 2}
--- !u!1 &1342467187 stripped
GameObject:
  m_PrefabParentObject: {fileID: 1089417638191518, guid: 67ed3eff634324f33ac3811e88d79a81,
    type: 2}
  m_PrefabInternal: {fileID: 1373978198}
--- !u!114 &1342467191
MonoBehaviour:
  m_ObjectHideFlags: 0
  m_PrefabParentObject: {fileID: 0}
  m_PrefabInternal: {fileID: 0}
  m_GameObject: {fileID: 1342467187}
  m_Enabled: 1
  m_EditorHideFlags: 0
  m_Script: {fileID: 11500000, guid: 1bdda0983e9334ae4b970e26024f0116, type: 3}
  m_Name: 
  m_EditorClassIdentifier: 
  translationKey: GAME_OVER_TEXT
--- !u!1 &1348150410 stripped
GameObject:
  m_PrefabParentObject: {fileID: 1755913239045430, guid: 67ed3eff634324f33ac3811e88d79a81,
    type: 2}
  m_PrefabInternal: {fileID: 1373978198}
--- !u!114 &1348150414
MonoBehaviour:
  m_ObjectHideFlags: 0
  m_PrefabParentObject: {fileID: 0}
  m_PrefabInternal: {fileID: 0}
  m_GameObject: {fileID: 1348150410}
  m_Enabled: 1
  m_EditorHideFlags: 0
  m_Script: {fileID: 11500000, guid: 1bdda0983e9334ae4b970e26024f0116, type: 3}
  m_Name: 
  m_EditorClassIdentifier: 
  translationKey: BACK_TO_MAIN_MENU
--- !u!1001 &1373978198
Prefab:
  m_ObjectHideFlags: 0
  serializedVersion: 2
  m_Modification:
    m_TransformParent: {fileID: 615896082}
    m_Modifications:
    - target: {fileID: 224397868159448172, guid: 67ed3eff634324f33ac3811e88d79a81,
        type: 2}
      propertyPath: m_LocalPosition.x
      value: 0
      objectReference: {fileID: 0}
    - target: {fileID: 224397868159448172, guid: 67ed3eff634324f33ac3811e88d79a81,
        type: 2}
      propertyPath: m_LocalPosition.y
      value: 0
      objectReference: {fileID: 0}
    - target: {fileID: 224397868159448172, guid: 67ed3eff634324f33ac3811e88d79a81,
        type: 2}
      propertyPath: m_LocalPosition.z
      value: 0
      objectReference: {fileID: 0}
    - target: {fileID: 224397868159448172, guid: 67ed3eff634324f33ac3811e88d79a81,
        type: 2}
      propertyPath: m_LocalRotation.x
      value: 0
      objectReference: {fileID: 0}
    - target: {fileID: 224397868159448172, guid: 67ed3eff634324f33ac3811e88d79a81,
        type: 2}
      propertyPath: m_LocalRotation.y
      value: 0
      objectReference: {fileID: 0}
    - target: {fileID: 224397868159448172, guid: 67ed3eff634324f33ac3811e88d79a81,
        type: 2}
      propertyPath: m_LocalRotation.z
      value: 0
      objectReference: {fileID: 0}
    - target: {fileID: 224397868159448172, guid: 67ed3eff634324f33ac3811e88d79a81,
        type: 2}
      propertyPath: m_LocalRotation.w
      value: 1
      objectReference: {fileID: 0}
    - target: {fileID: 224397868159448172, guid: 67ed3eff634324f33ac3811e88d79a81,
        type: 2}
      propertyPath: m_RootOrder
      value: 5
      objectReference: {fileID: 0}
    - target: {fileID: 224397868159448172, guid: 67ed3eff634324f33ac3811e88d79a81,
        type: 2}
      propertyPath: m_AnchoredPosition.x
      value: 0
      objectReference: {fileID: 0}
    - target: {fileID: 224397868159448172, guid: 67ed3eff634324f33ac3811e88d79a81,
        type: 2}
      propertyPath: m_AnchoredPosition.y
      value: 0
      objectReference: {fileID: 0}
    - target: {fileID: 224397868159448172, guid: 67ed3eff634324f33ac3811e88d79a81,
        type: 2}
      propertyPath: m_SizeDelta.x
      value: 100
      objectReference: {fileID: 0}
    - target: {fileID: 224397868159448172, guid: 67ed3eff634324f33ac3811e88d79a81,
        type: 2}
      propertyPath: m_SizeDelta.y
      value: 100
      objectReference: {fileID: 0}
    - target: {fileID: 224397868159448172, guid: 67ed3eff634324f33ac3811e88d79a81,
        type: 2}
      propertyPath: m_AnchorMin.x
      value: 0.5
      objectReference: {fileID: 0}
    - target: {fileID: 224397868159448172, guid: 67ed3eff634324f33ac3811e88d79a81,
        type: 2}
      propertyPath: m_AnchorMin.y
      value: 0.5
      objectReference: {fileID: 0}
    - target: {fileID: 224397868159448172, guid: 67ed3eff634324f33ac3811e88d79a81,
        type: 2}
      propertyPath: m_AnchorMax.x
      value: 0.5
      objectReference: {fileID: 0}
    - target: {fileID: 224397868159448172, guid: 67ed3eff634324f33ac3811e88d79a81,
        type: 2}
      propertyPath: m_AnchorMax.y
      value: 0.5
      objectReference: {fileID: 0}
    - target: {fileID: 224397868159448172, guid: 67ed3eff634324f33ac3811e88d79a81,
        type: 2}
      propertyPath: m_Pivot.x
      value: 0.5
      objectReference: {fileID: 0}
    - target: {fileID: 224397868159448172, guid: 67ed3eff634324f33ac3811e88d79a81,
        type: 2}
      propertyPath: m_Pivot.y
      value: 0.5
      objectReference: {fileID: 0}
    - target: {fileID: 1433068101594348, guid: 67ed3eff634324f33ac3811e88d79a81, type: 2}
      propertyPath: m_IsActive
      value: 0
      objectReference: {fileID: 0}
    - target: {fileID: 224349557163298562, guid: 67ed3eff634324f33ac3811e88d79a81,
        type: 2}
      propertyPath: m_AnchoredPosition.y
      value: -100
      objectReference: {fileID: 0}
    - target: {fileID: 114387454622240338, guid: 67ed3eff634324f33ac3811e88d79a81,
        type: 2}
      propertyPath: highScoreText
      value: 
      objectReference: {fileID: 1005368789}
    - target: {fileID: 114387454622240338, guid: 67ed3eff634324f33ac3811e88d79a81,
        type: 2}
      propertyPath: yourScoreText
      value: 
      objectReference: {fileID: 828864500}
    m_RemovedComponents: []
  m_ParentPrefab: {fileID: 100100000, guid: 67ed3eff634324f33ac3811e88d79a81, type: 2}
  m_IsPrefabParent: 0
--- !u!224 &1373978199 stripped
RectTransform:
  m_PrefabParentObject: {fileID: 224397868159448172, guid: 67ed3eff634324f33ac3811e88d79a81,
    type: 2}
  m_PrefabInternal: {fileID: 1373978198}
--- !u!224 &1451159454 stripped
RectTransform:
  m_PrefabParentObject: {fileID: 224073754681001108, guid: e826ab86828384eb1bc13e1566e4ca56,
    type: 2}
  m_PrefabInternal: {fileID: 1053169716}
--- !u!114 &1451159457 stripped
MonoBehaviour:
  m_PrefabParentObject: {fileID: 114221216407144804, guid: e826ab86828384eb1bc13e1566e4ca56,
    type: 2}
  m_PrefabInternal: {fileID: 1053169716}
  m_Script: {fileID: 11500000, guid: 1a5ae92c9daea461aaa533344b23c2d3, type: 3}
--- !u!1 &1484268648 stripped
GameObject:
  m_PrefabParentObject: {fileID: 1234993671558476, guid: e826ab86828384eb1bc13e1566e4ca56,
    type: 2}
  m_PrefabInternal: {fileID: 1053169716}
--- !u!114 &1484268652
MonoBehaviour:
  m_ObjectHideFlags: 0
  m_PrefabParentObject: {fileID: 0}
  m_PrefabInternal: {fileID: 0}
  m_GameObject: {fileID: 1484268648}
  m_Enabled: 1
  m_EditorHideFlags: 0
  m_Script: {fileID: 11500000, guid: 1bdda0983e9334ae4b970e26024f0116, type: 3}
  m_Name: 
  m_EditorClassIdentifier: 
  translationKey: BUTTON_SETTINGS
--- !u!114 &1553261990 stripped
MonoBehaviour:
  m_PrefabParentObject: {fileID: 114515377184890484, guid: 58c83d122ac334e429ceefc91e45ea14,
    type: 2}
  m_PrefabInternal: {fileID: 20675177}
  m_Script: {fileID: 11500000, guid: aab773bf8dd0d4342b0b82675bb97aa6, type: 3}
--- !u!1 &1623898373
GameObject:
  m_ObjectHideFlags: 0
  m_PrefabParentObject: {fileID: 0}
  m_PrefabInternal: {fileID: 0}
  serializedVersion: 5
  m_Component:
  - component: {fileID: 1623898378}
  - component: {fileID: 1623898377}
  - component: {fileID: 1623898376}
  - component: {fileID: 1623898375}
  m_Layer: 0
  m_Name: Main Camera
  m_TagString: MainCamera
  m_Icon: {fileID: 0}
  m_NavMeshLayer: 0
  m_StaticEditorFlags: 0
  m_IsActive: 1
--- !u!124 &1623898375
Behaviour:
  m_ObjectHideFlags: 0
  m_PrefabParentObject: {fileID: 0}
  m_PrefabInternal: {fileID: 0}
  m_GameObject: {fileID: 1623898373}
  m_Enabled: 1
--- !u!92 &1623898376
Behaviour:
  m_ObjectHideFlags: 0
  m_PrefabParentObject: {fileID: 0}
  m_PrefabInternal: {fileID: 0}
  m_GameObject: {fileID: 1623898373}
  m_Enabled: 1
--- !u!20 &1623898377
Camera:
  m_ObjectHideFlags: 0
  m_PrefabParentObject: {fileID: 0}
  m_PrefabInternal: {fileID: 0}
  m_GameObject: {fileID: 1623898373}
  m_Enabled: 1
  serializedVersion: 2
  m_ClearFlags: 1
  m_BackGroundColor: {r: 0, g: 0, b: 0, a: 0}
  m_NormalizedViewPortRect:
    serializedVersion: 2
    x: 0
    y: 0
    width: 1
    height: 1
  near clip plane: 0.3
  far clip plane: 1000
  field of view: 60
  orthographic: 1
  orthographic size: 3
  m_Depth: -1
  m_CullingMask:
    serializedVersion: 2
    m_Bits: 4294967295
  m_RenderingPath: -1
  m_TargetTexture: {fileID: 0}
  m_TargetDisplay: 0
  m_TargetEye: 3
  m_HDR: 1
  m_AllowMSAA: 1
  m_ForceIntoRT: 0
  m_OcclusionCulling: 1
  m_StereoConvergence: 10
  m_StereoSeparation: 0.022
  m_StereoMirrorMode: 0
--- !u!4 &1623898378
Transform:
  m_ObjectHideFlags: 0
  m_PrefabParentObject: {fileID: 0}
  m_PrefabInternal: {fileID: 0}
  m_GameObject: {fileID: 1623898373}
  m_LocalRotation: {x: 0, y: 0, z: 0, w: 1}
  m_LocalPosition: {x: 0, y: 2.9, z: -10}
  m_LocalScale: {x: 1, y: 1, z: 1}
  m_Children: []
  m_Father: {fileID: 0}
  m_RootOrder: 0
  m_LocalEulerAnglesHint: {x: 0, y: 0, z: 0}
--- !u!1 &1629698131
GameObject:
  m_ObjectHideFlags: 0
  m_PrefabParentObject: {fileID: 0}
  m_PrefabInternal: {fileID: 0}
  serializedVersion: 5
  m_Component:
  - component: {fileID: 1629698132}
  - component: {fileID: 1629698133}
  m_Layer: 0
  m_Name: BreakoutView
  m_TagString: Untagged
  m_Icon: {fileID: 0}
  m_NavMeshLayer: 0
  m_StaticEditorFlags: 0
  m_IsActive: 1
--- !u!4 &1629698132
Transform:
  m_ObjectHideFlags: 0
  m_PrefabParentObject: {fileID: 0}
  m_PrefabInternal: {fileID: 0}
  m_GameObject: {fileID: 1629698131}
  m_LocalRotation: {x: -0, y: -0, z: -0, w: 1}
  m_LocalPosition: {x: 0, y: 0, z: 0}
  m_LocalScale: {x: 1, y: 1, z: 1}
  m_Children:
  - {fileID: 1316114808}
  m_Father: {fileID: 1700598505}
  m_RootOrder: 2
  m_LocalEulerAnglesHint: {x: 0, y: 0, z: 0}
--- !u!114 &1629698133
MonoBehaviour:
  m_ObjectHideFlags: 0
  m_PrefabParentObject: {fileID: 0}
  m_PrefabInternal: {fileID: 0}
  m_GameObject: {fileID: 1629698131}
  m_Enabled: 1
  m_EditorHideFlags: 0
  m_Script: {fileID: 11500000, guid: 11ed588d029ef47ad80c2311a30af807, type: 3}
  m_Name: 
  m_EditorClassIdentifier: 
  playerSprites:
  - {fileID: 21300000, guid: 291decb2a7ae74c6e9176c53640c514c, type: 3}
  - {fileID: 21300118, guid: 291decb2a7ae74c6e9176c53640c514c, type: 3}
  backgroundSprites:
  - {fileID: 21300000, guid: adf3c8b0382c642bc9bbcbc77914d6af, type: 3}
  - {fileID: 21300000, guid: 095361cd4d1e24170bb168d5f7b55bad, type: 3}
  - {fileID: 21300000, guid: d52ee08e9d19b4b4d9d90657afc5679b, type: 3}
  - {fileID: 21300000, guid: 77f6b41f4b6204f6b9305d872ed5957b, type: 3}
--- !u!1 &1643471419 stripped
GameObject:
  m_PrefabParentObject: {fileID: 1433068101594348, guid: 67ed3eff634324f33ac3811e88d79a81,
    type: 2}
  m_PrefabInternal: {fileID: 1373978198}
--- !u!114 &1643471420
MonoBehaviour:
  m_ObjectHideFlags: 0
  m_PrefabParentObject: {fileID: 0}
  m_PrefabInternal: {fileID: 0}
  m_GameObject: {fileID: 1643471419}
  m_Enabled: 1
  m_EditorHideFlags: 0
  m_Script: {fileID: 708705254, guid: f70555f144d8491a825f0804e09c671c, type: 3}
  m_Name: 
  m_EditorClassIdentifier: 
  m_Material: {fileID: 0}
  m_Color: {r: 1, g: 1, b: 1, a: 1}
  m_RaycastTarget: 1
  m_OnCullStateChanged:
    m_PersistentCalls:
      m_Calls: []
    m_TypeName: UnityEngine.UI.MaskableGraphic+CullStateChangedEvent, UnityEngine.UI,
      Version=1.0.0.0, Culture=neutral, PublicKeyToken=null
  m_FontData:
    m_Font: {fileID: 10102, guid: 0000000000000000e000000000000000, type: 0}
    m_FontSize: 14
    m_FontStyle: 0
    m_BestFit: 0
    m_MinSize: 10
    m_MaxSize: 40
    m_Alignment: 0
    m_AlignByGeometry: 0
    m_RichText: 1
    m_HorizontalOverflow: 0
    m_VerticalOverflow: 0
    m_LineSpacing: 1
  m_Text: 
--- !u!222 &1643471421
CanvasRenderer:
  m_ObjectHideFlags: 0
  m_PrefabParentObject: {fileID: 0}
  m_PrefabInternal: {fileID: 0}
  m_GameObject: {fileID: 1643471419}
--- !u!1 &1700598503
GameObject:
  m_ObjectHideFlags: 0
  m_PrefabParentObject: {fileID: 0}
  m_PrefabInternal: {fileID: 0}
  serializedVersion: 5
  m_Component:
  - component: {fileID: 1700598505}
  - component: {fileID: 1700598504}
  m_Layer: 0
  m_Name: BreakoutApplication
  m_TagString: Untagged
  m_Icon: {fileID: 0}
  m_NavMeshLayer: 0
  m_StaticEditorFlags: 0
  m_IsActive: 1
--- !u!114 &1700598504
MonoBehaviour:
  m_ObjectHideFlags: 0
  m_PrefabParentObject: {fileID: 0}
  m_PrefabInternal: {fileID: 0}
  m_GameObject: {fileID: 1700598503}
  m_Enabled: 1
  m_EditorHideFlags: 0
  m_Script: {fileID: 11500000, guid: 33b9e2a4e9c1c4f778260ef51c8ac246, type: 3}
  m_Name: 
  m_EditorClassIdentifier: 
  verbose: 0
--- !u!4 &1700598505
Transform:
  m_ObjectHideFlags: 0
  m_PrefabParentObject: {fileID: 0}
  m_PrefabInternal: {fileID: 0}
  m_GameObject: {fileID: 1700598503}
  m_LocalRotation: {x: 0, y: 0, z: 0, w: 1}
  m_LocalPosition: {x: 0, y: 0, z: 0}
  m_LocalScale: {x: 1, y: 1, z: 1}
  m_Children:
  - {fileID: 2142032761}
  - {fileID: 2067583830}
  - {fileID: 1629698132}
  m_Father: {fileID: 0}
  m_RootOrder: 1
  m_LocalEulerAnglesHint: {x: 0, y: 0, z: 0}
--- !u!1 &1723197891 stripped
GameObject:
  m_PrefabParentObject: {fileID: 1102489329910554, guid: 58c83d122ac334e429ceefc91e45ea14,
    type: 2}
  m_PrefabInternal: {fileID: 20675177}
--- !u!114 &1723197895
MonoBehaviour:
  m_ObjectHideFlags: 0
  m_PrefabParentObject: {fileID: 0}
  m_PrefabInternal: {fileID: 0}
  m_GameObject: {fileID: 1723197891}
  m_Enabled: 1
  m_EditorHideFlags: 0
  m_Script: {fileID: 11500000, guid: 1bdda0983e9334ae4b970e26024f0116, type: 3}
  m_Name: 
  m_EditorClassIdentifier: 
  translationKey: BUTTON_VOLUME_DOWN
--- !u!1 &1734493299
GameObject:
  m_ObjectHideFlags: 0
  m_PrefabParentObject: {fileID: 1005997630035148, guid: a47427186db3e42488a4f35987d43a35,
    type: 2}
  m_PrefabInternal: {fileID: 0}
  serializedVersion: 5
  m_Component:
  - component: {fileID: 1734493300}
  - component: {fileID: 1734493302}
  - component: {fileID: 1734493301}
  m_Layer: 5
  m_Name: PlayerLivesText
  m_TagString: Untagged
  m_Icon: {fileID: 0}
  m_NavMeshLayer: 0
  m_StaticEditorFlags: 0
  m_IsActive: 1
--- !u!224 &1734493300
RectTransform:
  m_ObjectHideFlags: 0
  m_PrefabParentObject: {fileID: 224224097615433488, guid: a47427186db3e42488a4f35987d43a35,
    type: 2}
  m_PrefabInternal: {fileID: 0}
  m_GameObject: {fileID: 1734493299}
  m_LocalRotation: {x: 0, y: 0, z: 0, w: 1}
  m_LocalPosition: {x: 0, y: 0, z: 0}
  m_LocalScale: {x: 1, y: 1, z: 1}
  m_Children: []
  m_Father: {fileID: 571533648}
  m_RootOrder: 0
  m_LocalEulerAnglesHint: {x: 0, y: 0, z: 0}
  m_AnchorMin: {x: 1, y: 1}
  m_AnchorMax: {x: 1, y: 1}
  m_AnchoredPosition: {x: -52.2, y: -36.9}
  m_SizeDelta: {x: 95.5, y: 22.4}
  m_Pivot: {x: 0.5, y: 0.5}
--- !u!114 &1734493301
MonoBehaviour:
  m_ObjectHideFlags: 0
  m_PrefabParentObject: {fileID: 114550565491951384, guid: a47427186db3e42488a4f35987d43a35,
    type: 2}
  m_PrefabInternal: {fileID: 0}
  m_GameObject: {fileID: 1734493299}
  m_Enabled: 1
  m_EditorHideFlags: 0
  m_Script: {fileID: 708705254, guid: f70555f144d8491a825f0804e09c671c, type: 3}
  m_Name: 
  m_EditorClassIdentifier: 
  m_Material: {fileID: 0}
  m_Color: {r: 1, g: 1, b: 1, a: 1}
  m_RaycastTarget: 1
  m_OnCullStateChanged:
    m_PersistentCalls:
      m_Calls: []
    m_TypeName: UnityEngine.UI.MaskableGraphic+CullStateChangedEvent, UnityEngine.UI,
      Version=1.0.0.0, Culture=neutral, PublicKeyToken=null
  m_FontData:
    m_Font: {fileID: 10102, guid: 0000000000000000e000000000000000, type: 0}
    m_FontSize: 14
    m_FontStyle: 0
    m_BestFit: 0
    m_MinSize: 10
    m_MaxSize: 40
    m_Alignment: 0
    m_AlignByGeometry: 0
    m_RichText: 1
    m_HorizontalOverflow: 0
    m_VerticalOverflow: 0
    m_LineSpacing: 1
  m_Text: 
--- !u!222 &1734493302
CanvasRenderer:
  m_ObjectHideFlags: 0
  m_PrefabParentObject: {fileID: 222424490271941558, guid: a47427186db3e42488a4f35987d43a35,
    type: 2}
  m_PrefabInternal: {fileID: 0}
  m_GameObject: {fileID: 1734493299}
--- !u!1 &1753445883 stripped
GameObject:
  m_PrefabParentObject: {fileID: 1648867826854896, guid: 8ba486dee93a741ec80ac2d1e032189a,
    type: 2}
  m_PrefabInternal: {fileID: 1224195165}
--- !u!114 &1753445887
MonoBehaviour:
  m_ObjectHideFlags: 0
  m_PrefabParentObject: {fileID: 0}
  m_PrefabInternal: {fileID: 0}
  m_GameObject: {fileID: 1753445883}
  m_Enabled: 1
  m_EditorHideFlags: 0
  m_Script: {fileID: 11500000, guid: 1bdda0983e9334ae4b970e26024f0116, type: 3}
  m_Name: 
  m_EditorClassIdentifier: 
  translationKey: BUTON_BACK_NEXT
--- !u!1 &1762867432
GameObject:
  m_ObjectHideFlags: 0
  m_PrefabParentObject: {fileID: 0}
  m_PrefabInternal: {fileID: 0}
  serializedVersion: 5
  m_Component:
  - component: {fileID: 1762867437}
  - component: {fileID: 1762867436}
  - component: {fileID: 1762867435}
  - component: {fileID: 1762867434}
  - component: {fileID: 1762867433}
  m_Layer: 0
  m_Name: SoundManager
  m_TagString: Untagged
  m_Icon: {fileID: 0}
  m_NavMeshLayer: 0
  m_StaticEditorFlags: 0
  m_IsActive: 1
--- !u!81 &1762867433
AudioListener:
  m_ObjectHideFlags: 0
  m_PrefabParentObject: {fileID: 0}
  m_PrefabInternal: {fileID: 0}
  m_GameObject: {fileID: 1762867432}
  m_Enabled: 1
--- !u!82 &1762867434
AudioSource:
  m_ObjectHideFlags: 0
  m_PrefabParentObject: {fileID: 0}
  m_PrefabInternal: {fileID: 0}
  m_GameObject: {fileID: 1762867432}
  m_Enabled: 1
  serializedVersion: 4
  OutputAudioMixerGroup: {fileID: 0}
  m_audioClip: {fileID: 0}
  m_PlayOnAwake: 1
  m_Volume: 1
  m_Pitch: 1
  Loop: 0
  Mute: 0
  Spatialize: 0
  SpatializePostEffects: 0
  Priority: 128
  DopplerLevel: 1
  MinDistance: 1
  MaxDistance: 500
  Pan2D: 0
  rolloffMode: 0
  BypassEffects: 0
  BypassListenerEffects: 0
  BypassReverbZones: 0
  rolloffCustomCurve:
    serializedVersion: 2
    m_Curve:
    - serializedVersion: 2
      time: 0
      value: 1
      inSlope: 0
      outSlope: 0
      tangentMode: 0
    - serializedVersion: 2
      time: 1
      value: 0
      inSlope: 0
      outSlope: 0
      tangentMode: 0
    m_PreInfinity: 2
    m_PostInfinity: 2
    m_RotationOrder: 4
  panLevelCustomCurve:
    serializedVersion: 2
    m_Curve:
    - serializedVersion: 2
      time: 0
      value: 0
      inSlope: 0
      outSlope: 0
      tangentMode: 0
    m_PreInfinity: 2
    m_PostInfinity: 2
    m_RotationOrder: 0
  spreadCustomCurve:
    serializedVersion: 2
    m_Curve:
    - serializedVersion: 2
      time: 0
      value: 0
      inSlope: 0
      outSlope: 0
      tangentMode: 0
    m_PreInfinity: 2
    m_PostInfinity: 2
    m_RotationOrder: 4
  reverbZoneMixCustomCurve:
    serializedVersion: 2
    m_Curve:
    - serializedVersion: 2
      time: 0
      value: 1
      inSlope: 0
      outSlope: 0
      tangentMode: 0
    m_PreInfinity: 2
    m_PostInfinity: 2
    m_RotationOrder: 0
--- !u!82 &1762867435
AudioSource:
  m_ObjectHideFlags: 0
  m_PrefabParentObject: {fileID: 0}
  m_PrefabInternal: {fileID: 0}
  m_GameObject: {fileID: 1762867432}
  m_Enabled: 1
  serializedVersion: 4
  OutputAudioMixerGroup: {fileID: 0}
  m_audioClip: {fileID: 0}
  m_PlayOnAwake: 1
  m_Volume: 1
  m_Pitch: 1
  Loop: 0
  Mute: 0
  Spatialize: 0
  SpatializePostEffects: 0
  Priority: 128
  DopplerLevel: 1
  MinDistance: 1
  MaxDistance: 500
  Pan2D: 0
  rolloffMode: 0
  BypassEffects: 0
  BypassListenerEffects: 0
  BypassReverbZones: 0
  rolloffCustomCurve:
    serializedVersion: 2
    m_Curve:
    - serializedVersion: 2
      time: 0
      value: 1
      inSlope: 0
      outSlope: 0
      tangentMode: 0
    - serializedVersion: 2
      time: 1
      value: 0
      inSlope: 0
      outSlope: 0
      tangentMode: 0
    m_PreInfinity: 2
    m_PostInfinity: 2
    m_RotationOrder: 4
  panLevelCustomCurve:
    serializedVersion: 2
    m_Curve:
    - serializedVersion: 2
      time: 0
      value: 0
      inSlope: 0
      outSlope: 0
      tangentMode: 0
    m_PreInfinity: 2
    m_PostInfinity: 2
    m_RotationOrder: 0
  spreadCustomCurve:
    serializedVersion: 2
    m_Curve:
    - serializedVersion: 2
      time: 0
      value: 0
      inSlope: 0
      outSlope: 0
      tangentMode: 0
    m_PreInfinity: 2
    m_PostInfinity: 2
    m_RotationOrder: 4
  reverbZoneMixCustomCurve:
    serializedVersion: 2
    m_Curve:
    - serializedVersion: 2
      time: 0
      value: 1
      inSlope: 0
      outSlope: 0
      tangentMode: 0
    m_PreInfinity: 2
    m_PostInfinity: 2
    m_RotationOrder: 0
--- !u!114 &1762867436
MonoBehaviour:
  m_ObjectHideFlags: 0
  m_PrefabParentObject: {fileID: 0}
  m_PrefabInternal: {fileID: 0}
  m_GameObject: {fileID: 1762867432}
  m_Enabled: 1
  m_EditorHideFlags: 0
  m_Script: {fileID: 11500000, guid: ecad7a34ffb574c3c846ba832a6e53cd, type: 3}
  m_Name: 
  m_EditorClassIdentifier: 
  Sounds:
  - {fileID: 8300000, guid: c38392a6e2b4b4b3abee51e4c91ddc2d, type: 3}
  - {fileID: 8300000, guid: f6414c36a945547e4a43f9d43ccbb9f2, type: 3}
  - {fileID: 8300000, guid: 1aba5f7f47d6c435e865647b44d974bc, type: 3}
  Tracks:
  - {fileID: 8300000, guid: 4496b00998c6c49f1834350cd941dbc1, type: 3}
  TrackAudioSource: {fileID: 1762867435}
  SoundAudioSource: {fileID: 1762867434}
--- !u!4 &1762867437
Transform:
  m_ObjectHideFlags: 0
  m_PrefabParentObject: {fileID: 0}
  m_PrefabInternal: {fileID: 0}
  m_GameObject: {fileID: 1762867432}
  m_LocalRotation: {x: 0, y: 0, z: 0, w: 1}
  m_LocalPosition: {x: 0, y: 0, z: 0}
  m_LocalScale: {x: 1, y: 1, z: 1}
  m_Children: []
  m_Father: {fileID: 0}
  m_RootOrder: 5
  m_LocalEulerAnglesHint: {x: 0, y: 0, z: 0}
--- !u!1 &1813985826 stripped
GameObject:
  m_PrefabParentObject: {fileID: 1247686436929530, guid: 5f2172adb08bb403d9f453dd820ea2cc,
    type: 2}
  m_PrefabInternal: {fileID: 987890438}
--- !u!114 &1813985828
MonoBehaviour:
  m_ObjectHideFlags: 0
  m_PrefabParentObject: {fileID: 0}
  m_PrefabInternal: {fileID: 0}
  m_GameObject: {fileID: 1813985826}
  m_Enabled: 1
  m_EditorHideFlags: 0
  m_Script: {fileID: 11500000, guid: 1bdda0983e9334ae4b970e26024f0116, type: 3}
  m_Name: 
  m_EditorClassIdentifier: 
  translationKey: PLAYER_LIVES
--- !u!114 &1813985829
MonoBehaviour:
  m_ObjectHideFlags: 0
  m_PrefabParentObject: {fileID: 0}
  m_PrefabInternal: {fileID: 0}
  m_GameObject: {fileID: 1813985826}
  m_Enabled: 0
  m_EditorHideFlags: 0
  m_Script: {fileID: 708705254, guid: f70555f144d8491a825f0804e09c671c, type: 3}
  m_Name: 
  m_EditorClassIdentifier: 
  m_Material: {fileID: 0}
  m_Color: {r: 1, g: 1, b: 1, a: 1}
  m_RaycastTarget: 1
  m_OnCullStateChanged:
    m_PersistentCalls:
      m_Calls: []
    m_TypeName: UnityEngine.UI.MaskableGraphic+CullStateChangedEvent, UnityEngine.UI,
      Version=1.0.0.0, Culture=neutral, PublicKeyToken=null
  m_FontData:
    m_Font: {fileID: 10102, guid: 0000000000000000e000000000000000, type: 0}
    m_FontSize: 14
    m_FontStyle: 0
    m_BestFit: 0
    m_MinSize: 10
    m_MaxSize: 40
    m_Alignment: 0
    m_AlignByGeometry: 0
    m_RichText: 1
    m_HorizontalOverflow: 0
    m_VerticalOverflow: 0
    m_LineSpacing: 1
  m_Text: 
--- !u!1001 &1826921118
Prefab:
  m_ObjectHideFlags: 0
  serializedVersion: 2
  m_Modification:
    m_TransformParent: {fileID: 0}
    m_Modifications:
    - target: {fileID: 4231884639455896, guid: ce62a9d0f1a834b809c629b1adc4aa15, type: 2}
      propertyPath: m_LocalPosition.x
      value: 0
      objectReference: {fileID: 0}
    - target: {fileID: 4231884639455896, guid: ce62a9d0f1a834b809c629b1adc4aa15, type: 2}
      propertyPath: m_LocalPosition.y
      value: 0
      objectReference: {fileID: 0}
    - target: {fileID: 4231884639455896, guid: ce62a9d0f1a834b809c629b1adc4aa15, type: 2}
      propertyPath: m_LocalPosition.z
      value: 0
      objectReference: {fileID: 0}
    - target: {fileID: 4231884639455896, guid: ce62a9d0f1a834b809c629b1adc4aa15, type: 2}
      propertyPath: m_LocalRotation.x
      value: 0
      objectReference: {fileID: 0}
    - target: {fileID: 4231884639455896, guid: ce62a9d0f1a834b809c629b1adc4aa15, type: 2}
      propertyPath: m_LocalRotation.y
      value: 0
      objectReference: {fileID: 0}
    - target: {fileID: 4231884639455896, guid: ce62a9d0f1a834b809c629b1adc4aa15, type: 2}
      propertyPath: m_LocalRotation.z
      value: 0
      objectReference: {fileID: 0}
    - target: {fileID: 4231884639455896, guid: ce62a9d0f1a834b809c629b1adc4aa15, type: 2}
      propertyPath: m_LocalRotation.w
      value: 1
      objectReference: {fileID: 0}
    - target: {fileID: 4231884639455896, guid: ce62a9d0f1a834b809c629b1adc4aa15, type: 2}
      propertyPath: m_RootOrder
      value: 4
      objectReference: {fileID: 0}
    - target: {fileID: 114943497471587528, guid: ce62a9d0f1a834b809c629b1adc4aa15,
        type: 2}
      propertyPath: myBackgroundSpriteRenderer
      value: 
      objectReference: {fileID: 0}
    - target: {fileID: 212746856359598194, guid: ce62a9d0f1a834b809c629b1adc4aa15,
        type: 2}
      propertyPath: m_SortingOrder
      value: 0
      objectReference: {fileID: 0}
    m_RemovedComponents: []
  m_ParentPrefab: {fileID: 100100000, guid: ce62a9d0f1a834b809c629b1adc4aa15, type: 2}
  m_IsPrefabParent: 0
--- !u!1 &1887921068
GameObject:
  m_ObjectHideFlags: 0
  m_PrefabParentObject: {fileID: 0}
  m_PrefabInternal: {fileID: 0}
  serializedVersion: 5
  m_Component:
  - component: {fileID: 1887921070}
  - component: {fileID: 1887921069}
  m_Layer: 0
  m_Name: WindowUIView
  m_TagString: Untagged
  m_Icon: {fileID: 0}
  m_NavMeshLayer: 0
  m_StaticEditorFlags: 0
  m_IsActive: 1
--- !u!114 &1887921069
MonoBehaviour:
  m_ObjectHideFlags: 0
  m_PrefabParentObject: {fileID: 0}
  m_PrefabInternal: {fileID: 0}
  m_GameObject: {fileID: 1887921068}
  m_Enabled: 1
  m_EditorHideFlags: 0
  m_Script: {fileID: 11500000, guid: cd2973250c2594e12b19c0ec6d1b4013, type: 3}
  m_Name: 
  m_EditorClassIdentifier: 
--- !u!4 &1887921070
Transform:
  m_ObjectHideFlags: 0
  m_PrefabParentObject: {fileID: 0}
  m_PrefabInternal: {fileID: 0}
  m_GameObject: {fileID: 1887921068}
  m_LocalRotation: {x: 0, y: 0, z: 0, w: 1}
  m_LocalPosition: {x: -9.203551, y: 4.990623, z: 6.4582705}
  m_LocalScale: {x: 1, y: 1, z: 1}
  m_Children: []
  m_Father: {fileID: 0}
  m_RootOrder: 9
  m_LocalEulerAnglesHint: {x: 0, y: 0, z: 0}
--- !u!1 &2067583829
GameObject:
  m_ObjectHideFlags: 0
  m_PrefabParentObject: {fileID: 0}
  m_PrefabInternal: {fileID: 0}
  serializedVersion: 5
  m_Component:
  - component: {fileID: 2067583830}
  - component: {fileID: 2067583831}
  m_Layer: 0
  m_Name: BreakoutController
  m_TagString: Untagged
  m_Icon: {fileID: 0}
  m_NavMeshLayer: 0
  m_StaticEditorFlags: 0
  m_IsActive: 1
--- !u!4 &2067583830
Transform:
  m_ObjectHideFlags: 0
  m_PrefabParentObject: {fileID: 0}
  m_PrefabInternal: {fileID: 0}
  m_GameObject: {fileID: 2067583829}
  m_LocalRotation: {x: -0, y: -0, z: -0, w: 1}
  m_LocalPosition: {x: 0, y: 0, z: 0}
  m_LocalScale: {x: 1, y: 1, z: 1}
  m_Children:
  - {fileID: 528414541}
  m_Father: {fileID: 1700598505}
  m_RootOrder: 1
  m_LocalEulerAnglesHint: {x: 0, y: 0, z: 0}
--- !u!114 &2067583831
MonoBehaviour:
  m_ObjectHideFlags: 0
  m_PrefabParentObject: {fileID: 0}
  m_PrefabInternal: {fileID: 0}
  m_GameObject: {fileID: 2067583829}
  m_Enabled: 1
  m_EditorHideFlags: 0
  m_Script: {fileID: 11500000, guid: aeb3ad88603ca44428d6305b7de03573, type: 3}
  m_Name: 
  m_EditorClassIdentifier: 
--- !u!1 &2077223880 stripped
GameObject:
  m_PrefabParentObject: {fileID: 1976108672526030, guid: 58c83d122ac334e429ceefc91e45ea14,
    type: 2}
  m_PrefabInternal: {fileID: 20675177}
--- !u!114 &2077223884
MonoBehaviour:
  m_ObjectHideFlags: 0
  m_PrefabParentObject: {fileID: 0}
  m_PrefabInternal: {fileID: 0}
  m_GameObject: {fileID: 2077223880}
  m_Enabled: 1
  m_EditorHideFlags: 0
  m_Script: {fileID: 11500000, guid: 1bdda0983e9334ae4b970e26024f0116, type: 3}
  m_Name: 
  m_EditorClassIdentifier: 
  translationKey: BUTTON_MUSIC_DOWN
--- !u!1 &2105213619
GameObject:
  m_ObjectHideFlags: 0
  m_PrefabParentObject: {fileID: 0}
  m_PrefabInternal: {fileID: 0}
  serializedVersion: 5
  m_Component:
  - component: {fileID: 2105213621}
  - component: {fileID: 2105213620}
  - component: {fileID: 2105213622}
  m_Layer: 8
  m_Name: BackgroundView
  m_TagString: Untagged
  m_Icon: {fileID: 0}
  m_NavMeshLayer: 0
  m_StaticEditorFlags: 0
  m_IsActive: 0
--- !u!114 &2105213620
MonoBehaviour:
  m_ObjectHideFlags: 0
  m_PrefabParentObject: {fileID: 0}
  m_PrefabInternal: {fileID: 0}
  m_GameObject: {fileID: 2105213619}
  m_Enabled: 1
  m_EditorHideFlags: 0
  m_Script: {fileID: 11500000, guid: 8fa42dd0f67404ce086f94cc1971e31e, type: 3}
  m_Name: 
  m_EditorClassIdentifier: 
  myBackgroundSpriteRenderer: {fileID: 2105213622}
--- !u!4 &2105213621
Transform:
  m_ObjectHideFlags: 0
  m_PrefabParentObject: {fileID: 0}
  m_PrefabInternal: {fileID: 0}
  m_GameObject: {fileID: 2105213619}
  m_LocalRotation: {x: 0, y: 0, z: 0, w: 1}
  m_LocalPosition: {x: 0, y: 1.8, z: 10}
  m_LocalScale: {x: 1, y: 1, z: 1}
  m_Children: []
  m_Father: {fileID: 0}
  m_RootOrder: 7
  m_LocalEulerAnglesHint: {x: 0, y: 0, z: 0}
--- !u!212 &2105213622
SpriteRenderer:
  m_ObjectHideFlags: 0
  m_PrefabParentObject: {fileID: 0}
  m_PrefabInternal: {fileID: 0}
  m_GameObject: {fileID: 2105213619}
  m_Enabled: 1
  m_CastShadows: 0
  m_ReceiveShadows: 0
  m_MotionVectors: 1
  m_LightProbeUsage: 1
  m_ReflectionProbeUsage: 1
  m_Materials:
  - {fileID: 10754, guid: 0000000000000000f000000000000000, type: 0}
  m_StaticBatchInfo:
    firstSubMesh: 0
    subMeshCount: 0
  m_StaticBatchRoot: {fileID: 0}
  m_ProbeAnchor: {fileID: 0}
  m_LightProbeVolumeOverride: {fileID: 0}
  m_ScaleInLightmap: 1
  m_PreserveUVs: 0
  m_IgnoreNormalsForChartDetection: 0
  m_ImportantGI: 0
  m_SelectedEditorRenderState: 0
  m_MinimumChartSize: 4
  m_AutoUVMaxDistance: 0.5
  m_AutoUVMaxAngle: 89
  m_LightmapParameters: {fileID: 0}
  m_SortingLayerID: 0
  m_SortingLayer: 0
  m_SortingOrder: 0
  m_Sprite: {fileID: 21300000, guid: adf3c8b0382c642bc9bbcbc77914d6af, type: 3}
  m_Color: {r: 1, g: 1, b: 1, a: 1}
  m_FlipX: 0
  m_FlipY: 0
  m_DrawMode: 0
  m_Size: {x: 19.2, y: 10.8}
  m_AdaptiveModeThreshold: 0.5
  m_SpriteTileMode: 0
  m_WasSpriteAssigned: 1
--- !u!1 &2142032760
GameObject:
  m_ObjectHideFlags: 0
  m_PrefabParentObject: {fileID: 0}
  m_PrefabInternal: {fileID: 0}
  serializedVersion: 5
  m_Component:
  - component: {fileID: 2142032761}
  - component: {fileID: 2142032762}
  m_Layer: 0
  m_Name: BreakoutModel
  m_TagString: Untagged
  m_Icon: {fileID: 0}
  m_NavMeshLayer: 0
  m_StaticEditorFlags: 0
  m_IsActive: 1
--- !u!4 &2142032761
Transform:
  m_ObjectHideFlags: 0
  m_PrefabParentObject: {fileID: 0}
  m_PrefabInternal: {fileID: 0}
  m_GameObject: {fileID: 2142032760}
  m_LocalRotation: {x: -0, y: -0, z: -0, w: 1}
  m_LocalPosition: {x: 0, y: 0, z: 0}
  m_LocalScale: {x: 1, y: 1, z: 1}
  m_Children:
  - {fileID: 567274850}
  m_Father: {fileID: 1700598505}
  m_RootOrder: 0
  m_LocalEulerAnglesHint: {x: 0, y: 0, z: 0}
--- !u!114 &2142032762
MonoBehaviour:
  m_ObjectHideFlags: 0
  m_PrefabParentObject: {fileID: 0}
  m_PrefabInternal: {fileID: 0}
  m_GameObject: {fileID: 2142032760}
  m_Enabled: 1
  m_EditorHideFlags: 0
  m_Script: {fileID: 11500000, guid: 6359771b5812c4afa826718a91894d8a, type: 3}
  m_Name: 
  m_EditorClassIdentifier: 
